2722 4642
800 162 826 231 a

470 202 730 328 ''...⁷.¹...

117 368 441 493 quampotissimum
471 416 509 456 ae
530 393 674 455 'maxime
697 388 873 457 Terentius
901 399 1029 458 seculus
1061 403 1125 455 ests
1160 413 1205 459 no

116 507 151 571 id
173 497 309 587 quidem
331 489 410 559 mihi
433 493 565 555 iidntur
578 491 675 552 ullam
689 487 931 552 dubitationem
949 489 1094 567 iniicere,
1110 491 1201 574 qud

118 603 205 687 apud
229 595 449 661 Menandrum
467 592 535 653 illus
553 609 710 671 personas
729 606 798 649 esse
820 586 1087 671 negavitcumals
1106 589 1206 653 huius

118 698 239 767 Andria
260 693 478 759 Terentianae
503 687 720 749 fundamento
743 685 854 747 abesse
876 685 984 745 sciret.
1166 726 1168 730 .
1304 731 1310 739 ,

180 789 506 873 Quemadmodum
530 787 561 848 in
584 785 631 846 his
655 783 870 868 magistellum
894 782 1040 865 quisquis
1065 783 1124 844 luit
1144 782 1231 945 'ur’

122 896 278 962 riolatum
301 911 369 953 esse
393 889 505 951 lhnius
529 886 697 967 opinatur,
728 884 771 944 ita
794 881 892 941 fldem
915 901 1032 941 eorum
1055 902 1179 963 quasa

123 991 329 1074 Aodrspr-ol.
354 991 445 1054 ΗΒ
466 985 619 1047 adnotata
642 989 732 1046 sunt:
777 981 865 1064 Quae
886 993 967 1062 apta
988 992 1016 1038 et
1038 977 1206 1043 commoda

114 1093 255 1171 suerunt
271 1091 305 1149 s'n'
316 1087 471 1148 Andriam
482 1085 644 1153 Latinam,
656 1101 718 1139 raon
731 1078 899 1149 Graecam,
912 1079 1052 1156 fatetur·
1060 1089 1206 1138 transtu·

123 1190 204 1249 lisse.
250 1186 314 1246 Sed
340 1204 504 1268 quanesse
533 1191 643 1240 onerat
684 1177 845 1238 Terentius
876 1196 945 1235 cum
972 1171 1074 1257 possit
1103 1173 1208 1235 videri
1245 1248 1258 1267 ,1

122 1285 246 1345 derina
268 1281 488 1344 transtulisse?
532 1277 583 1336 Sic
605 1277 756 1336 solvitur.-
786 1275 862 1357 quia
894 1273 1036 1332 conscius
1065 1272 1126 1333 sibi
1145 1285 1205 1345 est,

121 1384 259 1466 primam
290 1400 415 1440 scenam
443 1377 482 1437 de
505 1376 667 1436 Perinthia
694 1393 758 1431 esse
786 1371 997 1442 translatam,
1026 1369 1078 1432 nbi
1106 1386 1208 1435 senen

124 1484 174 1541 ita
193 1500 262 1539 cum
279 1496 385 1536 uxore
405 1476 554 1559 loquitur,
577 1487 610 1533 nt
631 1469 722 1554 apud
745 1469 919 1528 Terentium
939 1489 1008 1526 cum
1025 1468 1153 1539 liberem
1166 1479 1204 1529 at

124 1580 158 1637 in
178 1575 303 1636 Andria
324 1573 496 1635 Menandri
524 1572 609 1631 solus
640 1587 735 1628 senex
763 1579 827 1634 est‚·
855 1565 1038 1645 intringere
1067 1574 1204 1629 conatus

125 1682 187 1751 est,
210 1673 297 1756 quod
325 1695 391 1733 non
416 1678 547 1732 sanast
569 1666 733 1750 probabili
757 1663 894 1746 quadam
917 1662 1047 1723 ratione
1072 1674 1210 1749 perunit

125 1791 190 1850 qne
214 1771 355 1830 feliciter
377 1770 498 1829 factum
521 1786 590 1827 esse
622 1773 713 1847 poto.
767 1763 849 1821 Huic
879 1762 965 1820 enim
994 1757 1209 1821 adnotationi·

127 1865 263 1926 alterata
296 1884 379 1949 quae
409 1865 494 1948 proi.
525 1887 552 1924 a.
587 1866 624 1932 10
657 1852 820 1941 adscripta
851 1867 919 1924 cst:
973 1860 1085 1919 Prsina
1112 1872 1207 1922 scena

17 2009 20 2014 -
127 1965 308 2026 Pen'ntlsiae
325 1984 427 2048 paene
447 1961 555 2022 iisdem
573 1962 678 2021 verbis
706 1960 815 2042 quibus
839 1956 963 2021 Andrin'
992 1959 1113 2037 scripta
1142 1967 1210 2024 ests.

125 2075 230 2122 cetera
251 2062 417 2122 dissiinllia
438 2075 517 2122 sunt·
531 2061 670 2142 exceptis
699 2057 819 2118 dnobus
845 2056 923 2115 locis
942 2055 1047 2115 altero
1067 2053 1114 2113 ad
1132 2066 1208 2114 ver·-

126 2179 179 2216 sae
194 2158 259 2230 -XI,
275 2161 383 2219 altero
404 2159 453 2220 ad
470 2180 580 2220 versus
594 2157 669 2230 XX,
692 2158 747 2240 qui
766 2158 799 2213 in
821 2166 955 2235 utraque
968 2153 1089 2231 fabula
1108 2151 1211 2234 positi

126 2264 220 2326 ssent,
249 2256 432 2337 oppositam
455 2276 523 2314 esse
544 2254 787 2337 pronuntiavit,
819 2261 948 2311 etcum
972 2251 1088 2310 horum
1110 2249 1209 2311 schoa·

127 2350 248 2412 linrum
270 2353 435 2434 posterius
458 2351 540 2410 niti-t
574 2351 712 2412 haberet
744 2349 831 2433 quod
854 2349 1075 2430 suspicionem
1098 2354 1211 2428 posset

126 2458 182 2509 aut
212 2449 637 2525 dubitationem-movere,
671 2450 761 2532 prius
798 2448 905 2509 omnia
939 2466 1018 2529 prae
1049 2465 1082 2505 se
1116 2444 1207 2506 ferse

127 2545 234 2605 videri
259 2546 379 2607 indicia
402 2546 613 2607 subditici'nm
635 2568 714 2607 esse.
760 2546 935 2607 Hominem
955 2547 1042 2604 enim
1067 2564 1134 2604 esse
1152 2544 1212 2603 inu

129 2646 318 2726 aptum-qui
343 2644 545 2706 monendum
574 2665 642 2706 csse
665 2645 847 2705 arbitretur
882 2664 946 2702 non
978 2643 1009 2700 in
1047 2642 1206 2703 Graecam

128 2739 285 2800 Andriam
313 2741 369 2801 sed
404 2742 436 2802 in
468 2742 613 2803 Latinam
643 2765 661 2804 a
694 2743 853 2801 Terentio
883 2762 919 2801 ea
951 2761 1032 2822 quae
1063 2747 1137 2821 apta
1169 2748 1207 2800 et

128 2837 298 2898 commoda
315 2839 602 2903 fuerinttraaslata
627 2832 703 2901 esse.
741 2840 818 2900 :Hoc
840 2848 947 2898 statam
970 2838 1026 2898 nisi
1050 2838 1209 2920 quiscum

128 2934 173 2993 ab·
199 2935 372 2994 scholiasta
402 2936 437 2992 in
467 2938 572 2994 verbis
607 2937 845 3018 sententiisque
868 2937 1075 3018 diligentiam
1108 2946 1206 3018 atque

130 3029 341 3089 subtilitatem
364 3030 526 3110 postulat,
550 3052 635 3112 qnae
659 3054 765 3113 neque
789 3033 846 3091 illa,
865 3043 969 3094 aetate
994 3055 1053 3093 nec
1075 3033 1115 3093 ab
1139 3033 1207 3095 istis

128 3126 317 3187 hominibus
340 3135 433 3187 recte
447 3129 635 3207 exspectari
658 3131 779 3212 possit,
816 3150 880 3191 non
912 3131 955 3190 ita
987 3130 1206 3212 premendum

127 3233 246 3286 ettam
269 3223 688 3307 graviterritupcrandum
710 3229 784 3288 erit.
829 3227 998 3289 ldsaltem
1023 3250 1088 3288 nnn
1113 3236 1205 3292 recte

127 3324 198 3383 lieri
222 3333 303 3405 puto
326 3323 351 3383 si
374 3322 449 3406 quis
470 3321 535 3381 lroc
557 3322 691 3404 quidem
715 3325 788 3386 loco
805 3335 943 3407 propter
959 3325 1212 3410 dicendigenus'·

128 3441 164 3479 ea
188 3440 274 3501 quae·
293 3431 518 3483 momorantur
539 3423 687 3501 suspecta
709 3410 897 3484 redditurus
918 3425 968 3483 sit.
1014 3423 1124 3484 lhnius
1146 3446 1210 3485 au·-

127 3525 194 3578 tem
218 3538 284 3576 non
306 3517 413 3578 lenius
426 3521 466 3579 de
479 3519 616 3600 reliquis
628 3518 791 3580 indicavit.
835 3521 881 3580 Nil
897 3521 1203 3604 opinaturineptius

130 3637 198 3676 asse
220 3615 275 3674 ills
307 3616 584 3699 interrogatione:
618 3617 683 3677 Sed
709 3640 808 3702 quare
837 3641 869 3679 se
899 3633 1010 3679 onerat
1043 3620 1210 3681 Terentius·

127 3734 196 3773 cum
221 3715 323 3796 possit
357 3713 461 3774 videri
489 3715 528 3775 de
558 3737 623 3776 rena
661 3718 881 3776 transtulisse?
931 3715 1097 3777 Puerilem
1136 3738 1212 3783 essc-

127 3810 322 3892 pronuntint
333 3831 416 3892 quae
429 3815 768 3895 sequiturresponsio,
793 3812 934 3895 denique
945 3813 1150 3878 haecomnia
1162 3815 1213 3879 ud·

129 3930 265 3970 acumen
280 3909 401 3992 ingenii
425 3910 643 3971 exercendum
664 3934 681 3971 a
699 3912 853 3994 magistro
874 3911 1018 3991 quodam
1039 3913 1206 3978 inventri

128 4006 316 4068 arbitratur,
359 4006 447 4068 Nou
465 4008 617 4089 equidem
641 4010 716 4069 alias
739 4009 906 4071 eiusmodi
929 4009 1205 4095 interrogationes

130 4104 304 4186 proferam
334 4105 369 4167 id
401 4114 514 4167 notem·
539 4106 657 4169 vellem
682 4127 746 4167 snos
776 4107 961 4169 edocuisset
994 4108 1105 4171 lhnius
1132 4130 1212 4195 qua

688 4284 753 4371 ’ἱ
