2722 4642
136 377 376 455 Quintilianum
396 374 438 449 X,
462 372 561 450 1,100
585 370 630 450 ¹⁹)
652 370 687 431 iu
710 370 770 432 hac
791 371 951 434 sententia
973 373 1071 436 fuisse
1086 381 1214 449 statne-

134 479 189 556 ris,
211 477 399 537 Latinorum
420 471 518 534 verba
540 468 688 531 iambicis
710 469 786 531 solis
808 470 955 532 versibus
977 471 1212 555 beneiuclndi,

134 597 197 637 ncc
218 573 285 635 nlla
300 576 375 639 arte
399 568 573 632 commode
593 567 799 629 trochaicum
821 569 871 629 rel
895 568 984 629 aliud
1004 575 1100 631 metri
1113 594 1212 655 genus

136 673 326 743 admittere3
358 690 463 752 neque
486 670 519 728 in
543 667 627 728 fama
649 675 682 727 et
704 665 799 726 lande
822 667 981 728 Terentio
1005 666 1211 743 detrahenda

133 791 175 832 ne
197 770 268 853 quis
290 790 330 832 eo
353 765 513 851 procedat
533 763 712 825 verendum
733 767 783 839 sit,
805 772 841 824 ut
863 763 950 825 dicat
971 764 1060 825 huuc
1076 775 1210 848 poetam

133 867 167 929 id
190 868 331 943 latuisse,
355 864 446 949 quod
469 863 606 946 quilibet
628 882 693 922 non
715 883 850 945 prorsus
871 862 971 923 iuvita
985 864 1133 924 Minerva
1155 864 1211 947 qui

133 976 264 1029 exercet
293 973 397 1025 artem
428 962 580 1023 musicam
613 961 728 1037 sentit,
759 969 901 1021 metrum
930 962 1105 1047 sententiis
1131 981 1214 1023 con-

133 1071 227 1148 gruat
250 1071 428 1144 oportere:
468 1083 485 1121 a
507 1060 666 1121 Terentio
699 1058 859 1119 iudicium
881 1058 1044 1120 vertendis
1067 1061 1212 1123 Graeco-

133 1183 208 1223 rum
231 1160 349 1221 sabulis
371 1158 554 1221 adhibitum
577 1158 675 1218 fuisse
696 1157 759 1216 iarn
781 1156 1032 1219 concedendum
1054 1167 1121 1235 est,
1144 1155 1211 1223 -ubi

132 1259 340 1342 apparuerit,
361 1265 480 1340 poetae
503 1255 620 1316 Latino
643 1255 810 1316 interdurn
842 1254 902 1316 bac
925 1255 959 1315 iu
983 1275 1019 1317 re
1042 1277 1060 1316 a
1083 1256 1211 1319 Graeco

134 1356 293 1417 recedere
315 1355 420 1416 visum
449 1374 528 1415 esse.
571 1354 665 1414 Subit
693 1361 802 1414 autem
829 1351 881 1413 hic
902 1351 1093 1414 Terentiani
1116 1351 1213 1415 sebo-

87 1443 92 1452 *
132 1452 244 1513 liastae
268 1453 452 1514 socordiam
470 1450 749 1535 nenegligentiam
760 1450 886 1525 mirari,
910 1472 984 1512 cum
999 1449 1091 1532 (quod
1112 1448 1210 1517 sciam

132 1549 228 1609 buius
250 1550 453 1632 gravissimae
476 1548 527 1610 rei
549 1570 707 1632 nusquam
728 1549 879 1608 iniecerit
890 1547 987 1608 ullum
997 1547 1207 1615 mentionem.

129 1646 238 1708 Nihilo
260 1648 366 1708 minus
388 1660 441 1708 res
464 1668 530 1707 non
553 1667 689 1729 prorsus
721 1648 751 1706 in
777 1648 922 1707 obscuro
943 1654 976 1705 et
996 1647 1125 1706 incerto
1146 1664 1208 1726 po-

132 1744 190 1805 sita
213 1755 271 1806 est.
312 1745 444 1806 Etenim
466 1745 562 1805 Marii
584 1744 747 1804 Victorini
769 1746 805 1820 ll,
830 1765 861 1826 p.
883 1747 961 1811 1523
984 1743 1083 1826 (apud
1100 1743 1208 1805 Runa.

131 1837 173 1901 de
195 1840 307 1902 metris
330 1862 414 1902 com.
425 1861 457 1923 p.
468 1845 560 1924 2707)
580 1842 682 1903 verba
694 1851 767 1903 suut
781 1842 877 1903 haec:
904 1844 1209 1920 ”Quantumnutem

39 1936 41 1941 ’
131 1935 172 1998 ad
194 1946 336 2000 metrum
358 1944 521 2001 comicum
542 1948 677 2023 spectat,
699 1941 764 2001 scio
786 1940 946 2022 plurimos
969 1939 1128 2001 affirmare
1147 1939 1211 1998 Te-

130 2035 290 2116 rentianus
318 2038 454 2098 maxime
477 2038 601 2098 fabulas
623 2047 764 2099 metrum
787 2047 820 2099 et
841 2037 1045 2120 disciplinam
1069 2038 1212 2097 Graeca-

130 2154 203 2193 rum
225 2134 472 2197 comoediarum
495 2156 561 2195 nou
585 2136 784 2206 custodiisse,
805 2135 843 2196 id
865 2144 913 2196 est
935 2156 1013 2218 quas
1029 2131 1212 2194 Menander

130 2228 302 2295 Philemon
331 2237 482 2319 Diphilus
513 2246 546 2298 ct
577 2237 678 2300 ceteri
707 2236 892 2306 ediderunt.
934 2238 1044 2300 Nostri
1066 2234 1208 2303 enimin

130 2329 337 2395 modulandis
359 2335 550 2394 metrisseu
573 2333 734 2417 rhythmis
756 2333 1095 2397 veteriscomoediae
1129 2331 1210 2401 scriv

128 2429 240 2490 dtores
262 2433 352 2515 sequi
373 2432 580 2509 maluerunt,
595 2433 629 2494 id
651 2433 850 2516 estEupolin
862 2433 1030 2495 Cratinum
1041 2440 1074 2492 et
1085 2430 1211 2492 Aristo-

126 2527 282 2608 phanem.
323 2529 483 2613 Prologos
509 2531 619 2613 itaque
647 2539 680 2593 et
708 2531 887 2612 primarum
919 2550 1091 2590 scenarum
1120 2535 1208 2589 actus

127 2624 285 2686 trimetris
321 2628 667 2709 comprehenderunt,
706 2628 826 2689 deiude
857 2627 1058 2712 longissimos
1097 2625 1130 2687 id
1163 2633 1210 2687 est

125 2730 334 2785 tetrametros
356 2726 577 2788 subdiderunt
598 2728 654 2810 qui
675 2727 886 2810 appellantur
908 2725 1068 2808 quadrati.
1090 2724 1206 2785 Postea

127 2819 162 2879 iu
198 2823 474 2904 consequentibus
512 2825 739 2896 variaveruut3
781 2825 881 2891 modo
918 2824 1007 2886 enim
1039 2823 1206 2883 trimetros

126 2919 226 2979 modo
249 2920 362 2980 addito
376 2922 557 3004 quadrante
580 2923 632 2984 vel
655 2923 784 2984 semisse
807 2930 992 3006 posuerunt
1004 2920 1037 2981 id
1049 2928 1096 2980 cst
1109 2919 1208 2979 semi-

126 3013 211 3094 pede
233 3015 382 3093 adiecto,
412 3019 468 3079 vel
499 3021 625 3102 integro
654 3020 740 3099 pede
773 3021 878 3081 iambo
911 3019 964 3079 vel
1000 3015 1206 3099 sesquipede.

124 3111 215 3173 Haec
235 3134 298 3195 per
318 3114 443 3176 medios
462 3125 555 3177 actus
576 3118 676 3177 varie.
716 3119 840 3177 Rursus
865 3119 896 3176 in
922 3116 1205 3184 exitulabularum

125 3210 302 3291 quadratos
332 3215 444 3295 quales
478 3215 614 3275 diximus
651 3216 685 3277 iu
717 3215 863 3277 secunda
892 3237 987 3277 scena
1022 3215 1206 3276 locarunt*

125 3306 213 3369 Haec
235 3309 300 3371 ille.
345 3311 379 3373 ld
401 3313 516 3374 saltem
539 3313 603 3375 hoc
625 3314 812 3376 testimonio
836 3337 1021 3398 quanquam
1034 3335 1102 3377 esse
1119 3336 1203 3396 quoe

127 3425 193 3464 non
218 3408 288 3468 satis
311 3419 401 3472 recte
424 3420 458 3471 et
478 3421 631 3472 accurate
655 3412 808 3495 explicatu
833 3413 951 3474 dixeris
979 3411 1061 3473 effici
1084 3421 1202 3494 potest,

125 3522 226 3584 genus
248 3514 281 3564 et
302 3507 454 3570 ordinem
475 3517 658 3571 metrorum
680 3511 960 3573 Terentianorum
984 3530 1050 3569 nou
1072 3531 1203 3592 semper

125 3600 331 3681 respondisse
354 3606 534 3669 Menandro
563 3617 596 3669 et
624 3607 842 3695 Apollodoro.
885 3610 928 3670 Et
956 3609 1038 3670 baec
1055 3608 1203 3691 quidem

124 3716 180 3789 res
200 3700 356 3783 exemplis
379 3707 602 3768 confirmatur.
647 3709 727 3785 Quis
752 3709 842 3770 enim
866 3731 929 3771 uon
951 3709 1044 3769 videt
1066 3709 1201 3767 Menan-

124 3794 223 3873 dros,
247 3819 331 3880 quae
352 3805 491 3865 serravit
512 3805 604 3868 Stob.
627 3807 717 3871 Flor.
745 3791 857 3886 XCVI,
881 3813 917 3878 11
942 3807 1042 3890 (apud
1058 3805 1199 3869 Meinek.

125 3893 252 3979 Fragm.
276 3899 340 3958 vol.
364 3901 416 3978 lV,
438 3925 470 3984 p.
492 3907 560 3984 71);

152 4007 154 4011 ’
243 3996 336 4078 Πρὸς
356 3991 482 4063 ἅπαντα
503 4003 605 4066 δειλὸν
626 4000 643 4065 ὅ
664 4006 761 4087 πένης
782 4004 853 4068 ἐστι’
871 4005 934 4088 γὰρ
953 4036 1012 4103 :33
1160 4065 1162 4069 ,

207 4093 264 4161 καὶ
283 4096 404 4173 nuncin
426 4093 527 4162 αὐτοῦ
549 4111 763 4188 καταφρονεῖν
783 4097 1016 4186 ὕπολαμβάνείῖ
