2722 4642
545 174 778 316 *u-

166 402 262 444 csuso
284 392 484 447 commotum
505 362 603 463 inisse
637 390 770 466 putaret
799 336 1022 468 scholiaitam‚
1056 398 1093 450 ut
1124 395 1250 480 singul·

168 498 362 565 quamquem
390 502 408 542 s
439 496 521 542 vero
549 498 688 562 prorsus
710 480 933 545 abhorrerent
953 493 1019 547 tem
1043 502 1197 557 accurate
1220 506 1255 559 st

165 586 255 640 tants
277 601 352 641 cum
375 578 450 640 fidei
476 577 587 660 specie
616 587 876 661 persequeretur
908 603 1005 666 qoam
1037 585 1100 649 hoe
1130 588 1254 656 laetum

165 685 214 735 est
235 678 362 742 verbis:
389 675 511 755 tQuin
542 676 731 736 conscius
762 677 843 737 sibi
874 687 936 740 est
966 683 1139 760 primam
1172 696 1255 752 scat.
1289 720 1292 729 =

141 794 252 887 ⁵,paui
282 772 328 837 de
357 773 574 835 Perinthia
607 792 691 843 esse
728 775 992 855 translatam,
1025 782 1252 851 ubi-senex

163 878 217 931 sta
250 893 337 933 cum
379 890 507 933 uxore
545 869 836 953 loquitnr‚·ut
874 874 981 956 epod
1015 878 1252 951 Terentium

166 988 250 1030 cum
274 969 441 1044 liberto,
464 977 502 1029 at
526 967 567 1026 in
593 963 741 1027 Andria
765 970 981 1034 Menandri
1004 976 1114 1039 solus
1136 990 1251 1048 senei

164 1073 256 1127 ast*
297 1068 399 1128 Multa
422 1064 565 1125 inveniri
588 1063 656 1125 ecio
680 1065 769 1146 apud
790 1064 976 1129 scholiastae
999 1081 1032 1133 et
1049 1074 1194 1140 Graecos
1215 1090 1249 1145 et

113 1228 131 1257 ,Ι
162 1163 296 1225 Latinos
319 1183 402 1247 quae
426 1162 576 1222 omnino*
596 1160 673 1219 falsa
705 1181 773 1220 esse
796 1170 828 1222 et
851 1169 1084 1230 commenticia
1107 1184 1242 1251 constat,

164 1261 221 1320 sed
245 1260 363 1322 horum
387 1260 532 1341 ipsorum
554 1259 647 1342 origo
678 1266 711 1318 et
740 1279 834 1320 cansa
863 1260 1009 1345 indagari
1032 1267 1104 1329 fere
1127 1281 1242 1352 potest.

164 1358 251 1441 Quid
275 1355 405 1418 tandem
427 1355 503 1418 huic
522 1356 702 1416 narrationi
716 1355 741 1415 si
763 1376 828 1416 non
843 1378 953 1421 veram
967 1360 1246 1433 habemuslocum

163 1458 290 1519 dedisse
312 1453 489 1537 excogitari
512 1461 623 1534 posset
644 1449 751 1528 aliud,
776 1455 838 1515 nisi
862 1455 955 1518 illam
978 1461 1034 1542 qni
1057 1462 1131 1524 talia
1154 1485 1249 1529 eom.

162 1553 397 1618 miniscebatur
409 1549 688 1633 impudentissime
700 1548 808 1611 dedita
824 1572 924 1634 opera
941 1556 1091 1619 fraudem
1107 1559 1251 1625 iecisse?-

160 1651 323 1735 Eqnidem
351 1656 459 1710 autem
492 1671 509 1708 a
540 1669 592 1708 me
615 1649 795 1730 impetrare
820 1670 886 1710 uon
909 1674 1058 1733 possum,
1089 1664 1126 1717 ut
1161 1658 1250 1723 hanc

164 1751 270 1811 labem
303 1745 496 1808 scholiastae
527 1745 730 1805 Terentiano
762 1746 963 1832 adspergam.
1023 1753 1129 1814 lhnius
1161 1777 1245 1821 vero

163 1847 350 1931 diligentius
373 1862 456 1926 quee
479 1840 605 1902 scholio
629 1851 809 1904 narrantur
830 1847 1073 1912 considerando
1095 1853 1166 1913 aliis
1188 1864 1245 1915 r'e*

160 1944 304 2004 tionibus
327 1937 522 2022 opinionem
551 1960 639 1998 suem
673 1941 865 2003 confirmari
898 1945 1008 2008 studet
1028 1949 1241 2029 persuadere.

161 2041 279 2102 Secum
302 2039 390 2099 enim
413 2055 572 2119 pugnare,
597 2036 736 2117 primam
768 2060 898 2103 scenam
918 2044 1108 2104 Perinthiae
1134 2064 1241 2125 poene

161 2139 274 2198 iisdem
296 2134 405 2195 verbis
428 2133 581 2214 scriptam
604 2154 672 2193 esse
696 2138 815 2218 quibus
839 2139 987 2214 Andriae,
1010 2141 1099 2200 etin
1121 2142 1242 2206 Periu-

160 2235 230 2296 thie
253 2253 362 2294 senem
391 2252 465 2292 cum
496 2250 597 2294 uxore
632 2232 776 2295 locutum
809 2257 894 2313 esso,
923 2237 958 2298 io
986 2235 1106 2298 Andria
1136 2237 1242 2300 solum

160 2334 258 2394 fuisse
281 2350 403 2391 senem.
445 2329 547 2390 Nemo
581 2329 616 2389 id
643 2331 775 2413 quidem
806 2353 873 2395 non
904 2332 1244 2417 concedet-‚;princi-

158 2433 249 2514 pium
273 2429 442 2511 utriusque
474 2426 602 2488 lebuine
632 2429 729 2509 foisse
758 2428 867 2512 eliqua
894 2432 1024 2491 ratione
1052 2430 1241 2508 diversum,

159 2550 233 2590 com
257 2528 324 2608 ipse
347 2525 520 2586 Terentius
543 2523 662 2586 dixerit
689 2527 834 2588 dissimili
864 2530 1011 2591 oratione
1032 2551 1097 2589 esse
1117 2530 1243 2608 factas

160 2647 200 2689 ac
222 2626 305 2686 stilo.
351 2624 446 2706 atqui
468 2623 493 2683 si
518 2624 550 2685 in
573 2621 694 2685 Andria
717 2624 837 2701 fabula,
860 2646 957 2709 (poam
976 2625 1068 2707 prius
1085 2627 1242 2708 scriptam

160 2745 229 2785 esse
253 2721 376 2795 demus,
399 2720 564 2781 eSimone
583 2722 654 2783 solo
677 2729 904 2807 argumentum
918 2732 1085 2785 narratum
1095 2731 1153 2799 est,
1176 2723 1242 2787 iaso

158 2843 220 2907 per
242 2841 274 2881 se
295 2818 366 2881 seri
389 2818 491 2879 simile
515 2826 563 2878 est
584 2841 601 2878 a
623 2810 721 2901 poeta
751 2818 827 2879 satis
855 2819 1030 2878 commode
1059 2819 1090 2878 in
1120 2820 1243 2881 Parin.

157 2920 245 2982 thiae
283 2917 449 2999 principio
489 2916 679 2999 nposursxdv
715 2907 888 2996 πρόσωπον
930 2911 1045 2975 induci
1082 2916 1245 2995 potuisse..
1276 2930 1281 2947 ¹

159 3019 247 3081 Talis
271 3016 371 3098 igitur
401 3014 462 3075 luit
494 3012 581 3096 apud
606 3011 825 3074 Menandrum
847 3011 988 3072 Simonis
1016 3032 1106 3072 uxor.
1151 3013 1241 3078 lineo

158 3117 226 3199 ipse
266 3121 373 3173 autem
407 3129 486 3171 cunr
519 3112 561 3171 sit
592 3129 766 3193 persone
798 3107 1032 3171 adventicia
1064 3118 1240 3192 propter'

158 3206 424 3274 evolvendam
455 3208 684 3289 argumenti
717 3206 1015 3268 obscuritatem
1047 3214 1231 3288 recepte,

157 3311 238 3372 fecit
252 3304 362 3390 magis,
388 3312 441 3365 ”ut
461 3304 528 3364 sine
552 3304 680 3367 fastidio
705 3305 820 3387 longos
842 3324 949 3366 sermo
973 3313 1056 3365 esset
1077 3325 1115 3367 ac
1124 3301 1234 3366 senilis

159 3409 306 3481 oratio)
344 3401 421 3479 (vid.
451 3400 552 3462 schol.
584 3396 639 3463 ad'
655 3400 757 3463 Andr.
788 3402 818 3477 1,
844 3408 870 3475 l,
897 3407 927 3479 l)
959 3422 1056 3485 qoam
1084 3411 1121 3463 ut
1152 3401 1237 3462 hanc

157 3507 258 3588 ipsam
281 3502 417 3564 multum
447 3501 487 3560 ab
518 3500 561 3559 cis
589 3519 671 3580 quee
701 3519 798 3560 senex
830 3498 938 3581 prime
968 3498 1089 3561 Andria
1121 3502 1239 3580 loque..

158 3605 257 3664 hatur
289 3599 451 3661 diversam
480 3594 645 3659 redderet.
698 3597 741 3657 Et
770 3614 844 3658 cum
866 3599 1049 3681 argumenti
1072 3595 1237 3672 narratio,

159 3697 248 3784 quod
273 3698 366 3758 huius
387 3714 504 3756 scenae
526 3703 624 3776 caput
645 3705 712 3770 est,
748 3696 819 3756 sine
842 3693 945 3758 dubio
976 3696 1060 3757 nihil
1082 3696 1151 3754 lere
1175 3694 1238 3754 im·

157 3806 280 3858 mutata
310 3803 412 3869 esset,
446 3795 629 3855 Grauertus
658 3803 749 3873 recte
778 3792 861 3854 vidit
890 3794 1083 3856 scholiastae
1115 3788 1235 3854 serbe:

158 3897 269 3958 Prima
290 3913 383 3954 scena
406 3893 585 3953 Perinthiac
608 3911 709 3974 paene
729 3891 837 3953 iisdem
857 3892 960 3955 verbis
981 3890 1091 3976 quibus
1107 3883 1238 3949 Andria

156 3994 277 4074 scripta
297 4004 354 4061 est,
377 3989 420 4051 ita
444 4009 512 4050 esse
535 3987 742 4071 accipienda,
775 3989 886 4050 utilia
909 3991 980 4072 ipsa
1010 3986 1094 4047 ratio
1125 3983 1233 4065 respi-

156 4092 290 4166 ciatur„
319 4088 407 4170 quod
437 4088 591 4170 equidem
625 4108 691 4148 non
723 4084 822 4149 video
854 4089 915 4150 nisi
945 4082 1054 4148 subtili
1088 4078 1233 4163 quodem
