2722 4642
659 240 706 307 {ast

612 331 747 341 ——---

146 431 228 493 quae
243 409 354 469 hanc
347 430 377 467 m
392 406 522 466 modum
535 412 627 523 antea
641 407 845 518 legebantur.
866 400 943 492 Eyoi
964 409 1023 494 γάρ
1043 412 1107 492 εἶμι
1123 410 1220 494 μόνος

142 508 203 569 τῶν
224 507 308 586 ἐμῶν
328 501 413 583 ἐμός.

160 609 162 612 ‘
207 606 253 683 ¹²)
274 601 362 662 Idem
384 601 529 683 Guyetos
554 602 595 660 ita
629 601 716 662 irene
746 624 872 665 versum
902 610 1080 670 constituit.
1122 613 1215 673 Coni.

140 722 222 783 qaae
245 699 392 758 Kiotzius
414 697 455 757 de
479 700 635 759 varietate
660 700 806 761 iectionis
829 703 1001 766 adnotavit.
1088 729 1089 733 ¹
1160 723 1164 731 ·

205 796 249 878 ¹⁸)
270 795 452 856 Bentieium
477 818 517 857 ne
533 819 656 856 versum
676 803 714 864 93
737 801 1008 864 eiiceretGraeca
1033 807 1160 867 verba
1152 831 1214 868 ram

136 893 315 955 arimonere
337 903 502 975 poterant
618 900 621 905 ’

202 992 247 1074 ιι*)
269 994 365 1053 Hunc
376 993 545 1053 Licinium
563 992 712 1074 pieriqtre
724 995 867 1056 eundem
881 995 1001 1060 habent
1014 1003 1213 1084 atqueitlu'm

138 1112 233 1173 aquo
248 1090 375 1152 librum·
390 1091 429 1150 de
446 1096 548 1174 poetis
570 1091 724 1171 scriptum
747 1112 814 1152 esse
839 1096 963 1156 Gellius
988 1103 1211 1161 testaturN.A.

138 1189 239 1262 XVH,
261 1196 310 1256 91.
352 1189 447 1250 Conf.
471 1189 678 1271 Madvig.'ad
700 1190 763 1250 Cic:
787 1191 894 1251 iocum
924 1214 1007 1274 quare
1032 1196 1211 1269 adnotavit,

136 1287 254 1347 Oreii'ii
279 1283 444 1359 Onomost'.
472 1308 501 1368 p·
524 1288 594 1360 344,
615 1288 797 1348 Weiohert.
820 1289 911 1348 Poet.
934 1293 999 1350 Lat.
1027 1315 1054 1372 p.
1083 1298 1140 1360 136
1162 1316 1208 1374 sq.

201 1384 247 1465 15)
263 1391 294 1444 Ἀ
317 1385 475 1446 Cicerone
500 1384 562 1445 hoc
585 1388 729 1446 carmine
754 1403 848 1468 quarn
872 1387 1012 1448 salsulam
1030 1391 1207 1450 fuissesine

138 1480 254 1543 idonea
278 1503 371 1541 causa
395 1482 530 1541 fuerunt
553 1483 610 1563 qui
632 1483 756 1563 opinati
781 1485 847 1542 sint
869 1486 1210 1566 pluriumLatinorum

136 1583 331 1661 scriptorum
351 1589 387 1639 ‘et
411 1579 497 1640 baud
521 1582 586 1641 scio
605 1603 649 1640 an
669 1591 841 1661 poetarum
854 1591 979 1642 tantum
994 1585 1214 1666 comprehen-

135 1684 271 1742 sar'esse
296 1680 431 1738 virtutes
455 1679 619 1739 attendes
642 1689 708 1739 turn
722 1681 817 1739 verba
836 1680 904 1738 itta:
933 1682 1123 1764 Tuquoqae,
1147 1687 1214 1742 tuiti

134 1778 202 1860 ipse
226 1777 338 1836 titulus
364 1798 428 1835 non
444 1777 583 1837 obscure
603 1778 682 1837 mihi
698 1777 1055 1860 ‘videntursignilicare
1082 1777 1215 1857 Λείμων

136 1877 222 1935 enim
244 1894 317 1935 cum
341 1875 488 1955 primitus
511 1875 542 1934 id
556 1875 816 1958 significetqund
830 1877 931 1935 Latini
952 1891 1081 1958 pratum
1103 1878 1217 1938 dicunt

136 1974 175 2035 ad
198 1994 250 2035 eus
273 1972 324 2034 res
350 1996 413 2035 non
439 1995 514 2033 raro
544 1974 734 2053 asophistis
767 1975 966 2033 transfertur
994 1996 1075 2055 quae
1108 1977 1215 2036 vivido

137 2080 170 2132 et
192 2071 288 2131 h'itari
311 2073 425 2131 colore
449 2079 589 2130 orrsatae⁴
614 2080 645 2127 et
676 2072 960 2150 quasiobductae
992 2079 1082 2128 siant.¹
1120 2072 1213 2129 Conf.

136 2170 301 2232 latomias
325 2189 407 2249 quae
438 2166 606 2226 adnotavit
636 2166 674 2224 ad
699 2165 857 2224 Achillem
875 2165 1007 2225 'sotium
1028 2188 1070 2247 ·p.·
1090 2168 1152 2233 478
1181 2176 1215 2226 et

128 2271 205 2351 ’4863
250 2268 361 2349 itaque
385 2262 578 2344 quibusdam
602 2266 687 2323 inter
710 2263 853 2322 Graecos
876 2264 1127 2325 convenientem
1153 2267 1217 2326 sci-

138 2366 216 2426 iicet
239 2369 430 2448 argumento
453 2361 583 2422 titulum
601 2361 852 2443 anquirentibus
869 2361 1026 2443 placuisse
1040 2362 1215 2423 hocmodo

136 2449 236 2526 libros
259 2483 331 2523 suos
354 2460 535 2521 inscribere
559 2468 591 2518 et
615 2481 674 2541 per
696 2463 728 2518 sc
753 2461 872 2520 mirum
905 2481 974 2521 esse·
996 2483 1061 2521 non
1096 2471 1213 2543 potest,

137 2555 170 2623 et
192 2568 353 2623 testa-ntor
374 2552 496 2619 Plinius
521 2557 557 2617 Η.
580 2560 614 2618 Ν.
628 2560 730 2639 praef.
745 2563 790 2632 18,
816 2559 980 2620 etGetlius
997 2561 1078 2620 Ν.Α.
1096 2560 1215 2642 epilog.

135 2662 155 2728 6
188 2654 245 2743 qni
275 2643 353 2718 ibid.
382 2663 403 2725 8
431 2658 535 2716 refert
567 2655 662 2716 fuisse
693 2677 826 2738 quoque
854 2657 908 2738 qui
931 2656 1065 2717 Pratum
1094 2657 1216 2717 liitrurn

135 2765 233 2818 su‘um·
264 2756 472 2836 inscripserit.
528 2754 568 2813 Et
596 2753 709 2814 Suidas
752 2754 790 2814 de
826 2753 993 2835 Pamphilo
1034 2764 1218 2820 memorat:

135 2848 254 2936 ἔγραψῑ
275 2854 448 2931 Λειμῶνα,
477 2850 544 2914 ἔστι
574 2853 608 2913 di
628 2849 780 2912 ποικίλων
801 2847 948 2932 περιοχή.
1005 2851 1216 2931 Scripserant'

136 2963 243 3014 autem
266 2953 327 3013 iam
340 2960 412 3012 ante
425 2953 620 3012 Ciceronem
644 2949 794 3010 nonnutti
812 2947 917 3008 dedita
937 2969 1036 3029 opera
1060 2949 1097 3007 de
1110 2949 1218 3009 Poetis

138 3042 335 3111 Lati'nis‘de
372 3052 490 3132 quibus
525 3050 674 3130 exposuit
711 3048 889 3130 Madvigius
930 3069 1044 3127 opusc.¹
1073 3047 1214 3108 academ.

140 3151 251 3231 p31'07·
297 3149 365 3206 Non
390 3149 502 3207 simiiis
536 3154 642 3205 autem
674 3167 742 3204 esse
777 3146 860 3205 ratio
884 3145 1029 3204 Caesaris
1064 3164 1212 3205 versuum

137 3240 221 3306 mihi*
242 3243 379 3319 videtur,
406 3264 511 3326 neque
536 3245 593 3302 hos
617 3244 778 3324 ampliore
804 3244 944 3325 quodam
969 3244 1216 3302 carminecom-

137 3342 313 3426 prehensos
337 3362 404 3401 esse
427 3341 620 3421 putaverim.
668 3341 776 3421 {taqua
801 3341 886 3399 liber
910 3359 1043 3419 quoque
1069 3362 1132 3400 non
1148 3346 1217 3398 rne-

138 3449 295 3514 moratur‚
320 3439 404 3499 unde
428 3439 631 3518 transscripti
656 3439 729 3497 sint.
774 3437 838 3495 Sed
863 3438 1215 3516 resperitCaesarsine

139 3533 242 3598 dubio
265 3537 432 3600 Ciceronis
457 3536 565 3610 rerba,
581 3536 612 3596 id
636 3532 724 3616 quod
750 3534 827 3594 mihi
851 3533 983 3615 quidem
1009 3538 1058 3597 vel
1081 3542 1218 3618 propte·
1249 3598 1252 3605 ¹

139 3655 192 3696 rea
216 3646 340 3697 certum
363 3634 491 3694 videtur
513 3634 602 3715 quod
627 3635 797 3714 utriusque
820 3631 859 3691 de
881 3633 1036 3694 Terentio
1060 3627 1218 3693 iudicium

139 3726 304 3794 uirtutem
337 3733 443 3793 verbis
474 3733 601 3792 initium
632 3733 726 3812 capit.
778 3733 890 3812 Neque
923 3735 1090 3815 quisquam
1123 3729 1217 3790 facile

138 3831 429 3892 dixeritvalterum
459 3830 593 3890 alterius
625 3852 697 3890 esse
723 3830 937 3904 imitatorem,
975 3829 1065 3912 quod
1097 3827 1128 3883 in
1159 3827 1216 3886 taii

139 3950 175 3988 re
199 3928 238 3987 ab
262 3928 331 3989 aliis
356 3949 419 3988 non
443 3948 520 3989 raro
544 3928 664 3986 factum
687 3948 753 3987 esse
779 3938 912 4002 constat,
938 3937 969 3987 et
992 3922 1075 3985 haud
1098 3921 1216 3984 scioan

139 4023 358 4108 huiusipsius
380 4026 509 4108 generis
531 4026 604 4089 satis
628 4035 774 4108 apertum
807 4026 976 4106 vestigium
1008 4028 1107 4080 exstet
1129 4020 1216 4101 upud

144 4123 321 4183 Ausonium
355 4124 514 4184 Commeat.
552 4123 692 4202 Profers.
721 4124 837 4183 Bard.:
880 4124 933 4182 Tu
972 4138 1135 4200 quoque
1179 4117 1215 4175 in
