2722 4642
557 202 699 305 A

91 377 217 436 exstant
236 372 300 436 alia
322 371 461 456 quadam
484 371 612 434 ratione
634 366 764 457 quamn
783 370 864 443 airis
887 371 1001 452 doctis,
1025 392 1171 460 quornm

42 525 47 532 .
90 484 189 552 supra
217 472 417 532 mentionem
448 471 525 548 leci,
558 489 623 531 uon
656 468 738 531 male
775 468 854 530 inita
884 470 1063 556 integritati
1091 495 1171 538 suae

90 565 273 630 videantur
308 567 508 630 restituenda
549 580 640 642 ease,'
667 566 767 628 -illud
805 575 912 629 umen
952 593 984 631 a.
1009 591 1060 632 me
1102 560 1170 636 nou
1208 598 1211 604 ’

90 685 224 748 possum
247 667 423 750 impetrare
445 676 481 728 ut
500 675 633 750 putem,
666 666 736 727 illas
764 681 963 749 quas-supra
984 671 1082 751 posui
1103 672 1174 733 Me.

92 763 213 826 uandri
242 773 275 826 et
304 764 508 847 Apollodori
534 764 834 848 reliquias-,uuae
854 765 975 848 aliquo
1003 768 1104 830 modo
1135 769 1170 831 iu

91 859 183 923 libris
223 861 418 946 depravatae
458 872 598 926 metrum
632 883 701 924 non
733 863 839 924 statim
867 863 1030 946 produnt,
1058 866 1170 930 luisse

90 959 245 1042 primitus
257 959 377 1022 eodum
399 962 496 1022 metri
509 981 630 1045 genere
645 959 779 1034 ‘inclusa
799 981 866 1043 quo
879 961 967 1044 apud
976 963 1173 1031 Terentium

90 1069 176 1139 quae
197 1057 402 1141 respondent
424 1060 625 1130 decurrunt;
653 1077 760 1140 nequo
781 1058 815 1119 id
837 1058 894 1120 alii
917 1059 1012 1121 facile
1034 1078 1172 1125 concea-
1232 1075 1237 1090 '

4 1182 10 1191 ³
90 1155 195 1219 serint
222 1157 315 1216 baec·
333 1158 390 1239 qui
418 1178 529 1219 secum
560 1156 798 1240 reputaverint.
829 1157 946 1239 ‘Apud
974 1159 1169 1219 Terentium

92 1254 150 1337 qui
171 1251 311 1336 aliquam
333 1275 408 1315 cum
437 1255 501 1316 hoc
528 1250 630 1337 poeta
649 1253 905 1316 familiaritatem
934 1264 1170 1317 contraxerunt

89 1350 198 1412 sciunt
218 1355 330 1413 omnes
352 1373 419 1414 non
443 1354 488 1413 ita
509 1373 586 1413 raro
609 1351 753 1412 inveniri
771 1351 938 1414 'iambicos
966 1352 1164 1414 octonarios.

91 1447 163 1510 Hoc
199 1458 308 1510 autem
346 1458 452 1511 metro
493 1450 609 1512 comici
652 1451 858 1512 Graecorum
897 1470 965 1511 non
1003 1459 1078 1512 sunt
1107 1451 1166 1510 usi.

90 1546 185 1608 Goul.
209 1547 385 1611 Hermann.
408 1548 576 1610 Elememrt
593 1547 699 1611 doctr.
721 1554 815 1608 metr.
838 1552 952 1628 p.158‚
976 1547 1167 1609 etMcinek.

90 1642 218 1729 Fragm.
240 1645 331 1708 Com
355 1648 411 1707 Gr.
435 1647 499 1708 vol.
522 1649 597 1729 l,p.
615 1646 686 1716 449.
727 1647 839 1727 Neque
861 1644 1062 1711 trochaicos
1059 1653 1168 1706 ··-tetra

87 1751 219 1805 melros
234 1745 442 1821 acatalectos,
474 1746 530 1827 qui
552 1743 640 1827 apud
661 1741 856 1805 Terentium
878 1762 944 1803 non
967 1750 1043 1803 suut
1064 1728 1168 1804 inire·

92 1842 272 1924 quantes,
264 1863 296 1901 ιιι
319 1863 414 1904 scena
429 1844 634 1904 Graecorum
656 1841 783 1906 auditos
801 1861 884 1919 esse,
909 1860 1068 1923 nusquam
1078 1848 1167 1902 certe

89 1937 123 1999 in
145 1937 193 1999 his
216 1960 298 2022 qnae
321 1939 441 2002 ad-nos
451 1940 673 2024 pervenerint
685 1939 887 2022 tragicorum
898 1954 1167 2021 comicorumque

92 2034 243 2118 reliquiis
271 2037 412 2099 inveniri
454 2037 541 2099 idem
570 2037 777 2103 Hermanbus
808 2036 830 2094 Ι.
860 2055 888 2095 c.
919 2055 953 2116 p.
978 2037 1018 2103 90
1046 2035 1168 2097 statuit.

91 2133 204 2216 ltaque
227 2133 307 2196 mibi
329 2136 392 2197 iam
415 2156 481 2197 uon
504 2136 588 2198 male
609 2133 728 2196 videor
750 2131 942 2194 ratiocinari
962 2131 1034 2193 hoc
1056 2133 1168 2196 modo.

93 2229 253 2293 Omnibus
284 2233 323 2293 iis
359 2233 437 2296 locis
470 2234 586 2318 quibus
614 2232 790 2296 Terentius
820 2229 951 2292 admisit
982 2232 1169 2294 octonarios

90 2329 279 2393 trochaicos
289 2340 346 2393 aut
360 2333 513 2395 iambicos
527 2332 653 2393 etiamsi
674 2329 720 2391 illi
745 2329 810 2391 loci
822 2327 1013 2391 adverbum
1034 2349 1052 2392 e
1075 2337 1171 2412 poeta

92 2427 221 2491 Graeco
244 2432 386 2515 expressi
414 2439 539 2505 essent,
572 2428 659 2514 apud
685 2428 775 2490 hunc
806 2426 892 2489 aliud
924 2428 1170 2500 metrum·fuit;

92 2536 190 2614 atque
204 2531 372 2594 trimetros
388 2535 584 2617 plerumque
603 2529 687 2591 hoa
678 2548 764 2611 ipsos
776 2527 881 2588 fuisse
895 2524 1065 2588 coniicere
1076 2523 1172 2589 liceat

91 2629 250 2746 c‘rerbis
277 2633 435 2715 Anonym.
466 2631 506 2692 de
537 2650 621 2691 com.
657 2649 689 2710 p.
722 2626 858 2703 XXXII,
896 2624 969 2686 ubi
989 2632 1169 2685 memorat:

91 2719 113 2810 ἢ
143 2725 203 2804 μὲν
228 2725 293 2788 νέα
310 2724 391 2790 κατά
420 2730 455 2790 ad
483 2714 627 2790 πλεῖστοι
657 2724 827 2808 στρέφεται
852 2721 927 2804 περὶ
945 2721 981 2782 τὸ
1002 2714 1170 2800 ἰαμβικὸν,

92 2819 233 2899 σπανίως
255 2824 289 2886 δὲ
308 2822 459 2910 μέτρονἦ
444 2846 548 2909 caspar
571 2826 627 2899 ²²).
670 2823 795 2884 Contra
817 2839 855 2879 er
870 2817 919 2877 iis
937 2817 1080 2877 versibus
1114 2819 1170 2898 qui

91 2941 129 2984 er
150 2921 215 2983 alio
239 2943 340 3006 quam
365 2925 550 2987 iamborum
582 2940 701 3009 genere
715 2920 758 2979 >in
791 2914 918 2999 Diphili
940 2922 974 2976 et
994 2912 1168 2975 Menandri

33 3050 43 3070 ι
93 3021 271 3084 comoediis
294 3044 370 3085 raro
389 3023 522 3107 quidem
549 3020 806 3084 inveniebantur
827 3015 927 3078 fuisse
948 3010 1171 3095 Eupolideum

91 3117 424 3202 polyscbematistum,
447 3123 579 3203 dequo
601 3118 824 3184 coul.,Horm.
847 3116 868 3174 l.
891 3135 919 3174 o.
940 3133 973 3192 p·
995 3115 1071 3184 578,
1102 3110 1172 3167 Ma·

93 3216 161 3277 rius
183 3215 377 3278 Victorinus
399 3220 505 3278 refert
524 3238 555 3298 p·
578 3223 668 3282 2551.
711 3215 815 3274 Huius
836 3203 950 3272 autem.
965 3218 1077 3264 versus
1097 3203 1173 3264 nul-

94 3311 161 3373 lum
183 3321 284 3374 exstat
303 3314 484 3395 exemplum
507 3314 540 3372 in
563 3311 726 3374 Terentii
736 3305 865 3368 fabulis.

132 3412 231 3473 ·Non·
246 3410 279 3472 id
302 3410 436 3494 quidem
458 3410 542 3472 mihi
560 3429 652 3470 cumo
675 3415 711 3466 ut
733 3400 915 3464 diiudicare
929 3398 1036 3477 velim,
1060 3407 1171 3463 utrum

75 3515 191 3592 ‘poeta
213 3510 350 3570 batiuus·
364 3509 547 3590 pru-denter
568 3506 655 3573 talia
665 3502 795 3566 novarit
816 3519 941 3576 necne,
974 3495 1169 3561 hortamen

90 3607 215 3668 sentire
245 3614 343 3689 atque
373 3606 560 3690 intelligere
591 3603 672 3666 mihi
700 3600 839 3677 ¹videor,
874 3619 950 3661 cum
981 3618 1047 3659 uon
1085 3596 1168 3658 male

95 3724 279 3773 crumenae
301 3714 485 3767 metrorum
507 3725 628 3790 genere
651 3700 872 3786 quodcunque
895 3696 1002 3780 elegit.
1045 3696 1173 3757 Teren-

94 3802 179 3865 tium
203 3811 331 3918 autem3
360 3805 383 3865 si
415 3805 514 3866 hac
506 3828 539 3866 m
561 3825 598 3866 re
620 3823 678 3865 suo
701 3800 764 3864 sibi
785 3797 909 3861 iudicio
931 3792 1081 3856 standum
1103 3812 1171 3854 esse

92 3902 294 3982 existimavit,
317 3903 350 3964 in
373 3904 505 3989 singulis
528 3922 683 3988 qnoque
676 3898 793 3962 verbis
814 3893 981 3959 sententiis
1004 3892 1073 3972 ipsa
1088 3888 1171 3952 adeo

94 4000 224 4063 fabulae
246 4002 476 4086 dispositione
481 4002 523 4064 ad
538 4022 639 4087 Msuum
670 3995 839 4082 interdum
866 3992 967 4078 egisse
998 3987 1174 4049 arbitrium

63 4087 66 4091 ’
94 4099 246 4184 quodam
252 4101 385 4164 modo
375 4123 440 4164 ram
459 4121 615 4187 augurari
606 4076 752 4175 liceret,
775 4091 905 4160 etiamsi
916 4083 1025 4152 iduor
1038 4084 1172 4169 prors'us
