2722 4642
616 180 753 285 Α
858 200 864 209 .

145 346 295 430 figmenta
320 359 491 430 poetarum
513 370 586 410 cum
601 355 746 436 exempla
761 359 1102 444 sceles·urn'allcraut‚²
1126 397 1222 441 nemo

146 470 221 509 sane
245 447 300 531 qui
323 446 581 514 consideraverit
608 440 673 531 qua
701 454 880 518 verborum
910 483 1088 548 rerumque
1106 436 1229 534 contiss

145 549 300 609 nuatione
333 543 414 604 illud
444 544 483 605 ad
513 546 605 627 'quod
635 544 827 613 scholiastae
855 556 1023 623 adnotatio
1047 567 1222 633 reserenda

142 656 191 708 est
211 645 422 707 contineatur
444 664 518 702 cnm
541 645 585 704 eis
608 667 691 726 quae
713 652 913 713 antecedunt
941 666 975 717 ct
996 664 1144 741 proxime
1169 669 1220 727 in-

142 748 327 824 sequuntur
350 741 381 800 in
406 743 625 816 eam-incidet
652 746 861 826 opinionem,
893 746 927 813 ul
950 750 1042 836 putet
1065 763 1222 827 Terentio

142 841 204 900 hoc
227 837 344 900 deberi
365 861 382 898 a
405 839 588 899 Menandro
612 863 677 901 non
702 855 897 926 acceplttm.'
925 850 1143 940 Eiusdemque
1167 886 1230 944 ga..

141 938 229 999 neris
250 936 357 997 videri
379 954 512 1018 quoque
536 938 637 1018 possit
658 939 748 1020 quod
771 944 920 1008 Terentii
949 953 1055 1013 verbis
1079 957 1218 1042 Adelph.

141 1037 194 1112 lV,
218 1043 246 1110 9,
268 1043 300 1103 2:
327 1037 496 1096 Praeterea
516 1039 621 1095 antem
643 1037 821 1100 (tramittam
843 1065 963 1125 quaero
993 1073 1015 1110 a
1036 1056 1116 1114 vr'lla
1137 1080 1219 1117 nter-

140 1135 399 1205 cenarium'vidi,
410 1132 582 1194 scholiasta
604 1134 747 1201 addidit:
773 1139 1031 1220 ”sapientissime
1045 1151 1219 1215 Terentius

140 1236 199 1295 etsi
220 1235 368 1316 proxima
390 1231 467 1290 villa
489 1241 538 1291 est
561 1238 742 1297 necessario
766 1237 1088 1324 (leg.necessarium)
1105 1269 1219 1311 serram

139 1332 178 1393 ad
202 1332 347 1414 reliquos
369 1339 459 1390 actus
482 1330 610 1390 labulne
636 1333 744 1394 noluit
771 1336 810 1396 ab
841 1338 920 1397 urbe
943 1339 1221 1424 discederepcr.'

137 1452 236 1491 sonae
259 1430 369 1488 senilis
393 1449 529 1488 rhemor.
572 1431 650 1489 Nam
672 1440 705 1490 et
727 1433 866 1493 arduum
890 1436 997 1498 fuerat
1017 1435 1094 1499 dum
1114 1443 1210 1516 redit,

138 1536 171 1589 et
200 1527 387 1602 cruciabile,
424 1548 463 1587 ne
488 1528 629 1610 fatigatio
654 1530 722 1588 eins
756 1531 787 1588 in
821 1533 1023 1612 tragoediam
1054 1539 1215 1601 transiret.

137 1628 237 1688 Recte
261 1627 359 1708 igilur
382 1626 509 1685 invenit
531 1649 547 1685 a
571 1629 775 1688 mercenario
809 1628 854 1689 illi
889 1632 920 1688 in
946 1633 1027 1691 urbe
1052 1647 1218 1696 narratum

137 1727 208 1787 ruri
233 1742 298 1785 non
323 1745 390 1786 esse
413 1724 654 1804 Ctesiphonem.
698 1728 740 1785 hs-
770 1728 826 1786 ubi
859 1750 998 1808 persona
1027 1741 1075 1791 est
1104 1735 1218 1808 adole-

136 1825 252 1884 scentis
275 1831 307 1882 et
330 1822 550 1904 proficiscitur
573 1823 613 1881 ad
638 1822 810 1885 villasn‘et
826 1829 986 1887 continuo
1009 1829 1096 1888 redit
1120 1841 1155 1889 ut
1182 1833 1213 1892 in

136 1914 298 1987 Eunucho
310 1920 503 1980 Phaedria.»
544 1922 650 2001 Atque
675 1920 752 1982 huic
770 1925 948 1984 sententiae
973 1925 1065 1985 video
1081 1929 1215 2009 aliquod

135 2030 360 2102 argumentum
383 2016 431 2078 vel
455 2016 531 2076 inde
557 2021 621 2096 peti
644 2040 738 2098 posse
762 2021 852 2100 quod
869 2025 1063 2081 ueGraecus
1081 2024 1214 2102 quidem

134 2126 232 2199 poeta
257 2117 365 2177 locum
394 2114 530 2174 actionis
555 2114 586 2172 in
609 2107 769 2196 Ἀδελφῶν
793 2117 900 2175 fabula
926 2119 1071 2179 mutavit.
1116 2120 1212 2180 Conl.

135 2228 218 2298 quae
242 2217 324 2276 bene
350 2216 380 2271 in
407 2212 488 2270 hanc
511 2232 581 2270 rem
605 2219 720 2272 contra
735 2209 935 2274 Meineliiuin
950 2215 1029 2273 olim
1042 2216 1212 2276 Menandr.

134 2325 167 2375 et
191 2303 387 2392 l'lril.⁵reliq.
412 2333 441 2392 p.
464 2314 484 2375 3
506 2310 601 2368 aliter
625 2308 827 2370 iudicantem
858 2333 945 2371 nunc
968 2311 1098 2394 Fragrn.
1122 2314 1211 2372 Com.

135 2414 249 2475 Graec.
274 2411 335 2470 vol.
358 2407 411 2484 IV,
427 2411 506 2490 p76
528 2407 558 2465 in
586 2410 668 2467 visin
693 2409 875 2469 reductum
891 2409 1042 2470 disseruit
1059 2411 1216 2469 Grauert.

136 2511 155 2572 l.
178 2534 204 2573 c.
230 2533 258 2592 p.
284 2509 341 2574 143
363 2528 409 2588 sq.
454 2501 528 2583 Quo
552 2505 657 2565 minus
681 2513 787 2566 tarrren
812 2518 924 2588 putem
959 2508 1086 2567 laudern
1117 2506 1215 2566 liuius

134 2612 255 2693 optime
279 2602 314 2665 ut
336 2604 527 2666 scholiastae
549 2602 680 2663 videtur
703 2606 865 2666 institutae
888 2606 936 2666 rei
954 2606 1100 2665 Terentii
1124 2606 1214 2686 inge-

138 2710 191 2768 nio
206 2705 303 2766 tribui
328 2728 410 2786 quac
435 2722 560 2762 severa
585 2701 766 2763 Menandro
792 2704 956 2764 inventori
980 2703 1139 2767 debeatur
1162 2722 1214 2763 me

134 2805 272 2888 impedit
293 2803 392 2862 lolius
416 2799 531 2861 scholii
562 2800 655 2858 ratio.
709 2802 753 2860 Ne
787 2810 896 2858 autern
927 2799 1037 2858 videar
1068 2819 1107 2857 eo
1142 2799 1213 2879 ipso

135 2903 261 2966 revolvi
286 2899 371 2960 unde
395 2919 444 2958 sne
472 2898 588 2957 abduci
622 2897 716 2958 facile
747 2917 854 2977 passus
884 2918 969 2971 sum,
1002 2890 1147 2954 neeesse'
1166 2903 1214 2955 est

138 3001 314 3087 quomodo
330 3022 394 3058 rein
420 3019 451 3056 se
478 2996 596 3056 hahere
620 2996 687 3077 ipse
713 3003 824 3076 putem
845 3002 944 3075 atque
966 2992 1213 3053 cumGraucrto

135 3096 341 3162 consentiens
366 3097 450 3155 idern
472 3095 511 3153 ab
535 3093 598 3154 hoc
621 3103 654 3152 et
676 3104 712 3153 ut
735 3113 820 3152 nunc
844 3092 937 3150 video
961 3091 1000 3150 ah
1023 3088 1212 3168 llrnloquo-

93 3194 97 3207 ’
139 3220 201 3282 que
223 3197 241 3256 l.
259 3195 289 3254 d.
311 3217 341 3275 p.
359 3202 394 3260 21
422 3192 608 3250 dissentiam
625 3190 724 3270 paulo
745 3191 925 3250 accuratius
949 3211 964 3247 a
988 3209 1038 3246 sne
1063 3183 1210 3247 indicari.

136 3290 256 3356 Demea
295 3292 349 3373 qui
381 3287 613 3369 Ctesiphonem
637 3286 738 3347 lilium
761 3287 929 3346 audiverat
961 3305 1025 3342 una
1059 3285 1154 3344 luisse
1178 3284 1209 3340 iu

136 3394 285 3476 raptione
316 3410 389 3450 onrn
412 3384 573 3445 Aeschino
607 3385 706 3445 fratre
739 3404 851 3468 magna
882 3379 1104 3441 sollicitudine
1136 3398 1212 3440 rnre

136 3486 167 3553 in
194 3461 304 3550 nibem
329 3486 417 3546 versit
439 3484 503 3558 (lll,
525 3487 554 3559 3,
580 3491 595 3551 1
618 3488 676 3562 sq).
720 3481 802 3561 Syro
826 3462 933 3538 autern
952 3498 1056 3567 *servo
1083 3496 1214 3581 apsevc-

138 3598 230 3650 rante
254 3584 383 3646 illnma
414 3602 445 3640 se
477 3601 530 3640 rus
561 3578 759 3660 productum
789 3595 855 3636 esse
886 3576 954 3657 ipse
984 3577 1045 3636 iarn
1067 3596 1099 3634 se
1123 3581 1213 3634 recta

140 3688 319 3748 rediturum
343 3700 408 3739 csse
432 3676 510 3739 dicit
536 3677 628 3753 (ibid.
651 3697 680 3734 v.
702 3677 742 3742 79
760 3679 826 3752 sq.).
873 3673 942 3732 lloc
966 3672 1034 3752 ips'o
1052 3673 1212 3752 temporis

138 3775 432 3863 momentoprocul
444 3774 534 3835 videt
546 3774 724 3856 Hegionem
742 3769 896 3831 tribulem
918 3792 935 3830 a
954 3790 1019 3851 quo
1041 3765 1212 3828 certios-lit

138 3881 227 3968 quod
252 3901 323 3941 narn
348 3877 470 3937 lacinus
495 3871 665 3955 indignum
694 3875 790 3950 atque
814 3867 846 3928 in
872 3865 1009 3927 liberale
1033 3857 1210 3924 Aeschinus

139 3975 387 4064 perpetraverit.
442 3967 708 4055 Indignabundus
738 3968 801 4038 iam
835 3966 968 4027 fratrem
988 3957 1211 4040 ,requisiturus

142 4089 189 4142 est
221 4089 255 4138 nt
285 4076 316 4136 iu
350 4072 438 4134 hunc
465 4072 546 4131 iram
576 4078 665 4131 suasu
692 4055 924 4145 evomat'(ltl,·
945 4059 975 4145 tl,
997 4050 1211 4135 dstvprotit
