2722 4642
610 207 752 316 -ιρ-

143 377 275 462 poetam
294 377 452 440 transfert
471 391 616 459 eumque
635 385 771 441 secutus
785 381 1023 462 estMeinekius
1035 389 1053 451 Ι.
1064 410 1092 452 c.
1104 402 1225 482 psesq,

144 476 204 558 qui·
223 475 510 537 Terentinm‘cum
531 474 602 536 suis
616 475 755 559 pedibus
777 477 1127 550 incedereteutarerit
1140 513 1217 556 -nnn

143 573 267 655 optime
288 572 351 633 sihi
373 570 574 634 consuluisse
596 575 799 656 pronuntiat.
842 578 951 642 Omne
971 582 1076 647 huius
1090 566 1219 654 reima-

142 679 290 732 mentum
322 670 362 732 in»
384 671 512 732 ratione
546 671 690 752 positum
719 681 769 733 est
798 695 861 758 qua
881 679 995 742 rerba
1027 685 1229 761 sataliam.

141 789 240 852 supra
261 768 473 850 transscripta
494 767 744 851 interpretanda
766 791 832 834 esso
854 771 996 841 duxerin·
1029 780 1079 843 'Et
1101 781 1135 842 hi
1158 782 1221 846 vini

144 865 233 948 qnod
256 865 336 937 mihi
357 865 512 926 vid-entur
533 865 710 928 credidisse
733 889 751 927 a
771 877 870 949 poeta
891 871 1129 939 Graecornihil
1154 880 1221 942 tale

141 963 288 1059 ineptam
315 960 482 1045 proficisci
511 962 675 1045 potuisse,
707 964 880 1028 scholiasta
912 988 995 1051 quae
1021 973 1153 1055 scripsit
1184 975 1232 1036 in-

140 1061 225 1123 hanc
247 1061 440 1122 sententiam
455 1066 681 1142 ‘acceperunts
703 1062 800 1146 Apud
817 1063 1030 1130 Menandrum
1049 1073 1118 1131 seni
1132 1073 1221 1136 nulla

140 1158 308 1219 exhibetur
322 1155 465 1218 nrole'stia
483 1171 614 1242 propter
631 1160 762 1243 'nuptias
781 1157 814 1219 h.
826 1181 855 1221 e.
875 1163 956 1226 illud
967 1164 1006 1227 de
1016 1169 1220 1238 matrimonio

140 1254 275 1316 ineundo
308 1276 334 1316 a·
350 1252 531 1316 Menandro
560 1268 691 1317 auctore
722 1259 849 1320 omnino
872 1279 941 1322 non
965 1262 1147 1343 profectum
1172 1279 1219 1329 est

138 1351 195 1412 sed
212 1373 236 1414 a
253 1352 403 1412 Terentio
424 1350 579 1412 additum.
622 1350 688 1413 Sed
716 1351 833 1416 adesse
856 1359 1041 1437 putaverim
1073 1370 1216 1444 propter

139 1470 231 1532 quae.
244 1456 338 1510 recte
360 1447 531 1510 dissentire
558 1449 670 1532 possis.
712 1450 799 1514 illud
813 1530 815 1533 .
829 1455 917 1516 enim
946 1457 1067 1532 nemini
1086 1459 1218 1535 mirum

139 1567 208 1608 esse
231 1552 297 1607 oon
320 1554 446 1629 potest,
479 1568 538 1609 nos
559 1547 599 1609 ab
622 1547 861 1612 scholiasta'de·
879 1549 942 1612 has·
962 1572 999 1613 re
1014 1573 1097 1618 non·
1112 1557 1219 1627 statim

137 1643 170 1705 in
193 1645 264 1727 ipso
288 1643 384 1705 huius
405 1664 522 1707 scenae
546 1644 640 1706 initio
671 1647 731 1709 uhi
760 1647 794 1709 id
815 1646 863 1731 agi
885 1655 1039 1729 coeptum
1060 1657 1109 1710 cst
1130 1651 1213 1712 cdo·

136 1743 216 1820 ceri,
239 1751 295 1803 aut
316 1763 382 1824 quo
405 1742 497 1803 nullo
519 1745 648 1826 aptiore
669 1744 745 1806 loco
767 1744 802 1807 id
822 1743 895 1809 ficri
915 1734 1067 1828 potcrsti
1089 1753 1211 1829 atquo

136 1840 172 1902 id
192 1839 355 1922 siquidem
389 1839 560 1903 scholiasta
591 1840 688 1904 huius
718 1841 769 1903 rei
804 1841 1007 1905 montionem
1035 1832 1214 1904 iniecturus

136 1948 208 2000 erat
229 1959 327 2021 quam
349 1938 493 1999 manime⁴
508 1938 582 1999 fieri
603 1938 754 2022 oportuit
764 1959 793 1998 v.
807 1943 859 2006 10:
882 1940 978 2000 Hanc
999 1951 1029 2000 te
1050 1950 1215 2024 aequomst

136 2036 265 2109 ducere,
295 2035 350 2097 sed
383 2035 418 2093 in
449 2033 713 2094 medio-demum
744 2031 785 2092 de
807 2033 870 2093 hac
891 2054 928 2092 rc
949 2035 1131 2116 colloquio.
1173 2039 1218 2107 At

134 2131 315 2216 Lessingius
336 2130 438 2213 ipsam
456 2126 623 2211 'loquendi
643 2126 805 2188 rationem
833 2134 871 2187 ut
895 2127 1090 2192 scholiastae
1108 2128 1217 2205 =verbu

135 2230 172 2291 in'
191 2247 263 2290 eam
286 2249 383 2312 quam
403 2225 479 2309 ipse
511 2225 621 2316 statuit
647 2223 845 2288 sententiam
873 2227 1080 2309 accipiantur
1100 2236 1217 2310 postu-

134 2329 203 2390 larc
225 2323 395 2389 contendit
416 2346 491 2386 cum
513 2323 636 2385 dictum
656 2322 717 2384 sits
740 2343 863 2390 senex
885 2322 940 2387 de·
955 2325 1110 2407 nuptiis
1126 2345 1213 2387 non

135 2420 575 2512 gravaturfu'equeveror
600 2420 766 2505 nuptias
789 2443 871 2487 uon*
889 2429 1090 2504 gravatur.
1112 2421 1219 2497 'Coun

134 2533 184 2587 tra
215 2526 395 2585 Grauertus
427 2521 446 2581 l.
476 2542 504 2584 c.
531 2542 564 2605 p·
588 2521 647 2589 146
677 2539 747 2602 sqq.
777 2518 1027 2600 pronuntiavit,
1047 2564 1049 2568 -
1071 2517 1153 2581 illud
1184 2517 1214 2579 s'i

136 2622 308 2685 scholiasta
337 2621 445 2682 verbis
477 2627 686 2684 exsecuturus
717 2616 829 2680 fuisset
862 2617 1045 2679 necessario
1075 2617 1106 2678 ei
1132 2614 1216 2677 scri·

134 2718 282 2782 bendum
304 2738 371 2779 non
395 2719 509 2778 luisses
531 2716 582 2777 de
611 2715 779 2795 nuptiis,
811 2713 869 2775 sed
899 2721 1025 2775 tantum
1056 2711 1214 2797 nuptiis

134 2816 383 2901 praepositione
407 2813 531 2875 omissa.
574 2808 641 2869 Sed
671 2808 696 2867 si
726 2807 804 2889 quid
836 2807 934 2868 video
965 2817 1115 2889 uterque
1136 2809 1217 2878 falsa

135 2915 291 3000 opinione
314 2901 457 2977 ducitur.
499 2906 649 2969 Verbum
669 2903 830 2986 gravandi
858 2901 996 2964 retinuit
1017 2921 1082 2962 non
1102 2905 1215 2984 paucis

136 3015 217 3076 locis
238 3015 375 3076 a'ctivam
397 3009 537 3071 lormam
564 3012 599 3068 ct
618 3002 791 3087 propriam
814 2997 1102 3085 principalemque
1123 3019 1216 3059 suam

134 3113 199 3174 vim
221 3132 303 3194 quae
324 3112 358 3172 in
382 3129 422 3171 eo
445 3114 493 3169 est
506 3105 552 3165 'ut
569 3101 660 3169 sidem
681 3101 752 3163 fera
774 3099 935 3184 significet
955 3093 1215 3176 novaleatquod

134 3209 243 3270 Latini
265 3196 378 3268 dicunt
391 3215 544 3273 'onerare,
566 3219 645 3260 onus
665 3199 830 3282 imponere.
872 3193 967 3265 Confi
979 3192 1082 3251 Tacit.
1094 3189 1213 3251 Annal.

134 3307 159 3383 l,
182 3310 239 3374 90:
261 3325 349 3390 quern
370 3299 529 3382 dereptum
547 3293 688 3354 vehiculo
702 3295 1001 3370 sarciniagravant;
1024 3283 1211 3351 OvidMet.

134 3404 220 3480 XllI,
240 3406 317 3468 812:
340 3410 412 3458 sunt
431 3412 530 3478 poma
548 3391 721 3472 gravantia
741 3405 866 3454 ramos,·
898 3381 978 3442 Hor.
999 3381 1160 3464 Epist-11,
1184 3387 1214 3461 1,

138 3501 214 3568 964:
237 3497 374 3580 officium
395 3489 482 3577 quod
501 3501 679 3571 megrauat.
724 3480 985 3566 itaq-uetustinus
1000 3478 1124 3557 xlta.
1141 3500 1217 3563 pas·

136 3599 203 3660 sive
228 3593 320 3655 dixit:
344 3588 391 3651 ne‘
403 3586 523 3650 obsidio
543 3590 615 3672 ipsa
634 3581 831 3667 multitudine
852 3589 1048 3660 gravaretur.
1065 3613 1109 3655 ···.
1128 3576 1213 3639 satis

136 3702 248 3755 autem
269 3694 394 3749 constat
414 3684 584 3768 gravari.
602 3703 641 3745 ea
667 3681 738 3742 fere
760 3675 944 3761 praeditam
965 3694 1031 3737 esse
1052 3681 1215 3756 potestate

138 3780 244 3852 ut'sit
273 3802 392 3868 aegre
420 3778 588 3864 aliquid
619 3779 748 3854 ferre,
781 3775 951 3835 invitum
982 3780 1021 3834 et
1050 3779 1212 3854 gravate

139 3882 295 3968 aliquid
334 3881 484 3958 facere,
522 3876 680 3961 aliquid
716 3893 928 3949 recusare,
966 3870 1214 3931 detrectare.

140 3984 227 4045 Haec
249 3980 295 4042 vis
318 3980 375 4042 uhi
397 3979 429 4040 ei
450 3977 595 4040 subiecta
624 3983 670 4036 est
689 3973 886 4058 plerumque
919 3965 1136 4030 accusativum
1164 3964 1216 4031 rei

139 4103 237 4166 quam
258 4099 431 4166 gravamur
453 4074 610 4141 adsciscit.
651 4073 716 4136 Per
745 4091 779 4135 sc
808 4076 919 4134 autem
950 4066 980 4129 si.
997 4083 1066 4139 rem
1087 4069 1214 4147 spectas
