2722 4642
605 138 827 289 2.ss
1240 116 1296 287 ιι

139 362 275 436 rateque
289 371 457 434 expressae
483 348 523 431 ⁸),
540 349 597 411 sed
611 372 646 412 ea
658 353 725 432 ipsa
742 372 794 413 res
816 334 906 417 nhde
927 355 1079 420 solatium
1100 371 1215 445 petere

137 452 290 514 iubemur
302 447 386 509 haud
405 448 472 508 scio
485 470 524 508 an
540 449 689 510 dolorem
703 458 849 511 nostrum
860 472 978 535 angere
997 456 1093 519 etiam
1104 464 1216 542 possit.

135 551 214 612 lnde
248 549 336 608 enim
370 568 444 607 cnm
475 548 625 608 omnibns
657 549 847 610 Latinorum
886 554 1004 643 poetiq
1024 557 1157 619 comicis
1181 561 1214 643 ⁹)

134 658 203 709 tum
223 646 382 706 Terentio
403 644 437 704 id
460 645 659 705 incommodi
681 647 801 708 exstitit
822 656 876 725 ut,
908 670 983 711 cum
1005 657 1210 736 comparatio

153 753 284 833 pensata
314 752 346 805 et
378 743 475 824 plena
503 744 592 803 inter
620 744 687 804 eins
719 744 844 806 fabulas
882 755 915 808 et
947 750 1094 833 exempla
1126 775 1210 836 qnae

133 853 262 908 secutus
285 850 334 903 est
355 841 479 907 institui
500 839 599 901 hodie
623 851 774 924 nequeat,
797 841 972 906 diiudicari
996 866 1064 908 non
1081 869 1213 932 semper

131 943 244 1028 possit,
267 946 426 1023 quatenns
449 939 483 998 in
506 940 659 1000 universa
681 942 920 1023 compositione
943 952 1041 1027 atque
1063 967 1212 1011 oecono.

132 1044 194 1103 mia
217 1048 250 1100 et
271 1039 305 1098 in
329 1037 461 1118 singuiis
483 1037 630 1117 partibus
650 1058 709 1101 sno
741 1038 803 1099 sibi
835 1039 959 1102 iudicio
994 1065 1070 1104 usns
1099 1047 1141 1106 sit
1170 1069 1209 1109 ac

130 1137 267 1199 steterit.
309 1133 407 1194 Unde
430 1133 551 1194 lactum
581 1142 630 1196 est
658 1143 694 1196 nt
724 1136 904 1199 exstiterint
934 1139 990 1221 qni
1013 1142 1206 1207 Terentiam

130 1236 223 1297 anxie
247 1234 450 1293 Graecorum
471 1241 644 1312 poetaram
667 1234 799 1317 vestigia
824 1255 981 1318 nusquam
1004 1257 1070 1297 non
1093 1260 1208 1322 perse-

129 1341 241 1395 cutum
257 1351 324 1390 esse
336 1328 621 1410 pronuntiaverint
631 1329 768 1391 verbnm
790 1353 854 1414 pro
876 1333 980 1396 verbo
998 1334 1205 1415 reddentem,

130 1438 163 1491 et
186 1426 344 1512 quidquid
376 1427 462 1486 hene
485 1433 541 1485 ant
562 1425 645 1486 male
675 1426 707 1486 in
731 1429 801 1488 eius
824 1430 940 1490 lahnlis
964 1432 1146 1494 institutum
1167 1436 1208 1496 ait

126 1527 202 1588 hnic
225 1525 352 1586 auctori
376 1544 442 1584 non
465 1543 533 1583 esse
552 1523 777 1585 tribuendum.
820 1527 915 1587 Conl.
929 1527 1209 1593 Casauh.adPer·
1277 1548 1294 1597 1

128 1627 209 1686 sium
234 1623 286 1697 1v,
298 1643 330 1704 p.
340 1628 402 1697 55,
426 1620 526 1683 et'Fr.
550 1620 591 1681 de
612 1621 764 1683 Ranmer.
786 1622 1211 1696 Actrlcad.Berol.a.1898

124 1745 157 1804 p.
181 1727 236 1790 181
261 1740 330 1802 sqq.
356 1719 409 1796 ¹⁰).
451 1722 558 1799 Atque
580 1717 620 1778 ad
643 1717 726 1780 hanc
749 1721 941 1802 opinionem
964 1721 1060 1783 facile
1083 1725 1207 1805 perdu-

126 1841 202 1881 cere
225 1824 335 1900 potest
355 1817 439 1877 ratio
461 1815 663 1893 scholiastae,
677 1817 733 1900 qni
748 1818 820 1899 plns
833 1819 930 1880 semel
940 1821 1091 1881 Terentii
1103 1822 1206 1883 verba

126 1925 163 1978 nt
196 1918 227 1976 in
263 1915 354 1976 libris
386 1915 513 1995 scriptis
553 1915 745 1977 ferebantur
774 1916 927 1978 mutanda
957 1917 1041 1978 adeo
1079 1921 1208 1980 censuit

125 2021 321 2097 propterea,
355 2011 444 2095 qaod
468 2033 533 2073 non
555 2012 654 2094 plane
686 2013 927 2095 responderent
957 2014 1109 2092 Graecis,
1142 2036 1206 2100 que

125 2113 166 2175 de
189 2133 225 2172 re
248 2112 280 2170 in
311 2111 569 2170 commentatione
597 2110 636 2171 de
656 2112 845 2172 scholiastae
871 2113 906 2171 in
929 2111 1106 2172 Terentium
1134 2125 1206 2174 arte

124 2213 236 2273 critica
268 2228 352 2292 qnae
384 2207 561 2289 praemissa
592 2216 640 2268 est
672 2208 773 2269 indici
807 2208 995 2271 scholarum
1035 2208 1204 2294 Gymnasli

122 2305 389 2393 aquisgranensis
411 2330 438 2367 a.
463 2307 540 2374 1840
563 2304 722 2388 quaedam
744 2307 807 2368 dlxi
828 2328 860 2389 p.
885 2309 923 2374 13
944 2327 1016 2389 sqq.

185 2407 284 2491 Magis
307 2405 404 2466 etiam
431 2405 496 2467 hnc
526 2405 635 2466 lacere
667 2405 772 2468 videri
801 2407 901 2488 possit
931 2406 1032 2487 ipsius
1054 2404 1202 2466 Terentii

125 2505 351 2567 testimonium
374 2504 431 2586 qni
454 2502 593 2585 Adelph.
616 2504 702 2586 prol.
724 2527 753 2566 v.
779 2507 817 2573 10
833 2512 866 2565 et
885 2511 918 2573 11
942 2523 975 2564 se
997 2502 1124 2585 Diphili
1146 2521 1204 2563 co·

122 2604 271 2664 moadiae
295 2604 347 2663 cu'
373 2623 492 2662 nomen
525 2611 572 2662 est
599 2603 948 2685 Synapothnescontes
977 2602 1086 2687 locpm
1117 2621 1204 2662 snm-

122 2704 223 2787 psisse
237 2702 307 2759 inA
392 2698 451 2758 laos
476 2713 505 2759 et
526 2700 653 2759 verdum
674 2701 712 2760 de
733 2701 828 2762 verbo
850 2722 1030 2783 expressum
1047 2699 1204 2758 extulisse.

183 2801 225 2860 Et
248 2820 287 2858 ne
311 2795 434 2879 aliquid
457 2796 579 2857 celasse
602 2796 733 2872 videar,
763 2798 873 2857 attulit
895 2798 1009 2879 ntique
1032 2795 1205 2857 scholiasta

123 2897 178 2958 hic
201 2897 269 2957 illic
291 2896 323 2955 in
348 2895 628 2976 comparationem
651 2895 750 2956 verba
773 2897 901 2955 Graeca
924 2915 1007 2977 qnae
1031 2893 1205 2966 Terentia-

125 2992 293 3076 nis'plane
315 2993 519 3075 respondere
543 2993 653 3075 negari
683 3014 750 3055 non
772 3001 890 3075 potest.
941 2993 1045 3054 Huius
1074 2991 1204 3074 generis
1241 3000 1245 3007 '

123 3100 172 3154 ast
192 3092 324 3150 Phorm.
348 3093 400 3166 tv,
426 3098 453 3167 1,
475 3096 510 3160 9:
547 3092 694 3152 Senectus
726 3095 829 3176 r'psast
859 3091 984 3154 morbus
1015 3097 1048 3150 et
1078 3090 1204 3151 Graeca

124 3188 320 3268 Apollodori
351 3210 433 3269 qnae
461 3188 630 3249 scholiasta
659 3190 705 3250 ibi
733 3190 892 3256 servavit:
927 3189 962 3250 τό
984 3179 1087 3269 γῆράς
1115 3181 1203 3246 toras

124 3278 202 3348 oded
223 3280 361 3366 νόσημα.
404 3285 485 3345 lbid.
511 3308 538 3345 v.
561 3292 617 3352 91:

204 3386 286 3444 ll'nm
307 3405 364 3464 ego
384 3404 520 3444 meorum
541 3384 627 3444 solas
646 3407 714 3446 sum
735 3405 831 3459 mens,

124 3489 157 3544 et
179 3480 324 3542 eiusdem
347 3481 560 3562 Apollodorir

202 3573 280 3661 Ἐγώ
301 3574 362 3661 γάρ
385 3578 451 3658 εἶμι
471 3580 534 3640 τῶν
555 3579 641 3659 ἐμῶν
661 3580 739 3660 ἐμὸς
758 3575 867 3660 μόνος.
893 3580 938 3660 ¹¹)

123 3677 204 3738 ιιιι.
227 3679 279 3753 ιιι,
302 3682 331 3753 3,
354 3682 412 3746 30:
814 3654 834 3685 ⁶

208 3776 301 3835 Solus
323 3789 369 3835 est
389 3776 480 3835 honio
503 3777 604 3836 amico
626 3777 763 3855 amicus,

124 3879 156 3932 et
179 3872 389 3954 Apollodori:

205 3968 317 4044 Μόνος
338 3975 440 4054 pelen
459 3972 521 4054 γὰρ
541 3974 617 4047 τούς
639 3967 754 4056 φίλους
774 3967 953 4038 ἐπίσταται.
978 3973 1025 4051 ¹²)

625 4100 647 4141 ἡ
681 4106 685 4114 .

284 4272 311 4323 Ο
