<?xml version="1.0" encoding="UTF-8"?>
<!DOCTYPE html PUBLIC "-//W3C//DTD XHTML 1.0 Transitional//EN"
    "http://www.w3.org/TR/xhtml1/DTD/xhtml1-transitional.dtd">
<html xmlns="http://www.w3.org/1999/xhtml" xml:lang="en" lang="en">
 <head>
  <title>
</title>
<meta http-equiv="Content-Type" content="text/html;charset=utf-8" />
  <meta name='ocr-system' content='tesseract 3.04.00' />
  <meta name='ocr-capabilities' content='ocr_page ocr_carea ocr_par ocr_line ocrx_word'/>
</head>
<body>
  <div class='ocr_page' id='page_1' title='image "./derationequamte00kngoog_0011.png"; bbox 0 0 2722 4642; ppageno 0'>
   <div class='ocr_carea' id='block_1_1' title="bbox 732 201 756 270">
    <p class='ocr_par' dir='ltr' id='par_1_1' title="bbox 732 201 756 270">
     <span class='ocr_line' id='line_1_1' title="bbox 732 201 756 270; baseline 0 0"><span class='ocrx_word' id='word_1_1' title='bbox 732 201 756 270; x_wconf 86' lang='lat'><strong>6</strong></span> 
     </span>
    </p>
   </div>
   <div class='ocr_carea' id='block_1_2' title="bbox 194 368 1279 854">
    <p class='ocr_par' dir='ltr' id='par_1_2' title="bbox 194 368 1279 854">
     <span class='ocr_line' id='line_1_2' title="bbox 261 368 1279 460; baseline 0.014 -27"><span class='ocrx_word' id='word_1_2' title='bbox 261 371 437 433; x_wconf 82' lang='lat' dir='ltr'><strong>Neautem</strong></span> <span class='ocrx_word' id='word_1_3' title='bbox 459 368 510 430; x_wconf 86' lang='lat' dir='ltr'><strong>vel</strong></span> <span class='ocrx_word' id='word_1_4' title='bbox 532 368 747 431; x_wconf 90' lang='lat' dir='ltr'><strong>sicTerentio</strong></span> <span class='ocrx_word' id='word_1_5' title='bbox 770 373 940 454; x_wconf 86' lang='lat' dir='ltr'><strong>qnisquam</strong></span> <span class='ocrx_word' id='word_1_6' title='bbox 962 373 995 436; x_wconf 89' lang='lat' dir='ltr'><strong>id</strong></span> <span class='ocrx_word' id='word_1_7' title='bbox 1010 378 1279 460; x_wconf 86' lang='lat' dir='ltr'><strong>exprobrandum</strong></span> 
     </span>
     <span class='ocr_line' id='line_1_3' title="bbox 201 466 1274 550; baseline 0.01 -19"><span class='ocrx_word' id='word_1_8' title='bbox 201 469 308 546; x_wconf 79' lang='lat' dir='ltr'><strong>ducat,</strong></span> <span class='ocrx_word' id='word_1_9' title='bbox 331 468 396 528; x_wconf 91' lang='lat' dir='ltr'><strong>boc</strong></span> <span class='ocrx_word' id='word_1_10' title='bbox 417 466 524 527; x_wconf 85' lang='lat' dir='ltr'><strong>teneri</strong></span> <span class='ocrx_word' id='word_1_11' title='bbox 547 466 653 527; x_wconf 81' lang='lat' dir='ltr'><strong>velim.</strong></span> <span class='ocrx_word' id='word_1_12' title='bbox 696 468 791 550; x_wconf 82' lang='lat' dir='ltr'><strong>Apud</strong></span> <span class='ocrx_word' id='word_1_13' title='bbox 802 471 966 532; x_wconf 82' lang='lat' dir='ltr'><strong>Romanos</strong></span> <span class='ocrx_word' id='word_1_14' title='bbox 984 473 1065 535; x_wconf 90' lang='lat' dir='ltr'><strong>nibil</strong></span> <span class='ocrx_word' id='word_1_15' title='bbox 1088 478 1274 542; x_wconf 72' lang='lat' dir='ltr'><strong>ollbnaiouis</strong></span> 
     </span>
     <span class='ocr_line' id='line_1_4' title="bbox 198 566 1274 659; baseline 0.008 -31"><span class='ocrx_word' id='word_1_16' title='bbox 198 567 348 629; x_wconf 86' lang='lat' dir='ltr'><strong>habuisse</strong></span> <span class='ocrx_word' id='word_1_17' title='bbox 370 567 396 627; x_wconf 92' lang='lat' dir='ltr'><strong>si</strong></span> <span class='ocrx_word' id='word_1_18' title='bbox 418 566 562 647; x_wconf 79' lang='lat' dir='ltr'>singulae</span> <span class='ocrx_word' id='word_1_19' title='bbox 585 566 764 628; x_wconf 87' lang='lat' dir='ltr'><strong>sententiae</strong></span> <span class='ocrx_word' id='word_1_20' title='bbox 787 567 827 627; x_wconf 87' lang='lat' dir='ltr'><strong>ad</strong></span> <span class='ocrx_word' id='word_1_21' title='bbox 850 571 988 632; x_wconf 87' lang='lat' dir='ltr'><strong>verbnm</strong></span> <span class='ocrx_word' id='word_1_22' title='bbox 1009 572 1274 659; x_wconf 81' lang='lat' dir='ltr'><strong>udeoexpressae</strong></span> 
     </span>
     <span class='ocr_line' id='line_1_5' title="bbox 196 665 1272 747; baseline 0.009 -19"><span class='ocrx_word' id='word_1_23' title='bbox 196 675 291 728; x_wconf 84' lang='lat' dir='ltr'><strong>erant</strong></span> <span class='ocrx_word' id='word_1_24' title='bbox 312 685 330 725; x_wconf 92' lang='lat' dir='ltr'><strong>e</strong></span> <span class='ocrx_word' id='word_1_25' title='bbox 353 666 480 724; x_wconf 87' lang='lat' dir='ltr'><strong>Graeco</strong></span> <span class='ocrx_word' id='word_1_26' title='bbox 503 665 673 745; x_wconf 81' lang='lat' dir='ltr'><strong>exemplo,</strong></span> <span class='ocrx_word' id='word_1_27' title='bbox 703 665 850 747; x_wconf 83' lang='lat' dir='ltr'><strong>inprimis</strong></span> <span class='ocrx_word' id='word_1_28' title='bbox 881 684 954 728; x_wconf 87' lang='lat' dir='ltr'><strong>cum</strong></span> <span class='ocrx_word' id='word_1_29' title='bbox 986 670 1057 732; x_wconf 84' lang='lat' dir='ltr'><strong>talis</strong></span> <span class='ocrx_word' id='word_1_30' title='bbox 1091 673 1272 738; x_wconf 83' lang='lat' dir='ltr'><strong>similitudo</strong></span> 
     </span>
     <span class='ocr_line' id='line_1_6' title="bbox 194 760 1271 854; baseline 0.007 -27"><span class='ocrx_word' id='word_1_31' title='bbox 194 767 292 851; x_wconf 81' lang='lat' dir='ltr'><strong>magis</strong></span> <span class='ocrx_word' id='word_1_32' title='bbox 323 770 440 846; x_wconf 83' lang='lat' dir='ltr'><strong>sponte</strong></span> <span class='ocrx_word' id='word_1_33' title='bbox 472 769 546 822; x_wconf 85' lang='lat' dir='ltr'><strong>natu</strong></span> <span class='ocrx_word' id='word_1_34' title='bbox 568 783 667 843; x_wconf 77' lang='lat' dir='ltr'><strong>quam</strong></span> <span class='ocrx_word' id='word_1_35' title='bbox 689 760 785 824; x_wconf 75' lang='lat' dir='ltr'><strong>anxie</strong></span> <span class='ocrx_word' id='word_1_36' title='bbox 816 764 910 826; x_wconf 84' lang='lat' dir='ltr'><strong>etde</strong></span> <span class='ocrx_word' id='word_1_37' title='bbox 934 767 1095 830; x_wconf 84' lang='lat' dir='ltr'><strong>industria</strong></span> <span class='ocrx_word' id='word_1_38' title='bbox 1126 775 1271 854; x_wconf 86' lang='lat' dir='ltr'><strong>quaesita</strong></span> 
     </span>
    </p>
   </div>
   <div class='ocr_carea' id='block_1_3' title="bbox 177 857 1278 3005">
    <p class='ocr_par' dir='ltr' id='par_1_3' title="bbox 177 857 1278 3005">
     <span class='ocr_line' id='line_1_7' title="bbox 196 857 1272 952; baseline 0.006 -30"><span class='ocrx_word' id='word_1_39' title='bbox 196 872 302 943; x_wconf 82' lang='lat' dir='ltr'><strong>esset,</strong></span> <span class='ocrx_word' id='word_1_40' title='bbox 326 881 391 921; x_wconf 91' lang='lat' dir='ltr'><strong>non</strong></span> <span class='ocrx_word' id='word_1_41' title='bbox 415 859 520 920; x_wconf 88' lang='lat' dir='ltr'><strong>solum</strong></span> <span class='ocrx_word' id='word_1_42' title='bbox 543 857 619 920; x_wconf 88' lang='lat' dir='ltr'><strong>inde</strong></span> <span class='ocrx_word' id='word_1_43' title='bbox 642 868 750 942; x_wconf 87' lang='lat' dir='ltr'><strong>patet,</strong></span> <span class='ocrx_word' id='word_1_44' title='bbox 784 861 874 943; x_wconf 91' lang='lat' dir='ltr'><strong>quod</strong></span> <span class='ocrx_word' id='word_1_45' title='bbox 903 863 961 924; x_wconf 87' lang='lat' dir='ltr'><strong>alii</strong></span> <span class='ocrx_word' id='word_1_46' title='bbox 991 886 1124 951; x_wconf 90' lang='lat' dir='ltr'><strong>quoque</strong></span> <span class='ocrx_word' id='word_1_47' title='bbox 1153 880 1272 952; x_wconf 80' lang='lat' dir='ltr'><strong>poetae</strong></span> 
     </span>
     <span class='ocr_line' id='line_1_8' title="bbox 194 956 1271 1050; baseline 0.003 -24"><span class='ocrx_word' id='word_1_48' title='bbox 194 974 322 1026; x_wconf 83' lang='lat' dir='ltr'><strong>veteres</strong></span> <span class='ocrx_word' id='word_1_49' title='bbox 345 979 418 1018; x_wconf 84' lang='lat' dir='ltr'><strong>non·</strong></span> <span class='ocrx_word' id='word_1_50' title='bbox 437 959 542 1018; x_wconf 83' lang='lat' dir='ltr'><strong>minus</strong></span> <span class='ocrx_word' id='word_1_51' title='bbox 565 956 651 1018; x_wconf 89' lang='lat' dir='ltr'><strong>idem</strong></span> <span class='ocrx_word' id='word_1_52' title='bbox 672 959 843 1037; x_wconf 83' lang='lat' dir='ltr'><strong>fecerunt,</strong></span> <span class='ocrx_word' id='word_1_53' title='bbox 877 983 975 1044; x_wconf 84' lang='lat' dir='ltr'><strong>quum</strong></span> <span class='ocrx_word' id='word_1_54' title='bbox 1006 965 1030 1026; x_wconf 94' lang='lat' dir='ltr'><strong>ii</strong></span> <span class='ocrx_word' id='word_1_55' title='bbox 1057 969 1115 1048; x_wconf 88' lang='lat' dir='ltr'><strong>qui</strong></span> <span class='ocrx_word' id='word_1_56' title='bbox 1137 969 1271 1050; x_wconf 75' lang='lat' dir='ltr'><strong>Augusti</strong></span> 
     </span>
     <span class='ocr_line' id='line_1_9' title="bbox 193 1054 1275 1147; baseline 0.006 -24"><span class='ocrx_word' id='word_1_57' title='bbox 193 1068 300 1123; x_wconf 86' lang='lat' dir='ltr'><strong>aetate</strong></span> <span class='ocrx_word' id='word_1_58' title='bbox 331 1057 536 1131; x_wconf 81' lang='lat' dir='ltr'><strong>floruerunt,</strong></span> <span class='ocrx_word' id='word_1_59' title='bbox 571 1054 628 1115; x_wconf 87' lang='lat' dir='ltr'><strong>sed</strong></span> <span class='ocrx_word' id='word_1_60' title='bbox 667 1055 748 1133; x_wconf 75' lang='lat' dir='ltr'><strong>effici</strong></span> <span class='ocrx_word' id='word_1_61' title='bbox 774 1059 876 1118; x_wconf 86' lang='lat' dir='ltr'><strong>etiam</strong></span> <span class='ocrx_word' id='word_1_62' title='bbox 910 1059 988 1123; x_wconf 91' lang='lat' dir='ltr'><strong>inde</strong></span> <span class='ocrx_word' id='word_1_63' title='bbox 1020 1072 1147 1144; x_wconf 85' lang='lat' dir='ltr'><strong>potest,</strong></span> <span class='ocrx_word' id='word_1_64' title='bbox 1181 1065 1275 1147; x_wconf 83' lang='lat' dir='ltr'><strong>quod</strong></span> 
     </span>
     <span class='ocr_line' id='line_1_10' title="bbox 193 1155 1278 1242; baseline 0.006 -26"><span class='ocrx_word' id='word_1_65' title='bbox 193 1159 351 1242; x_wconf 77' lang='lat' dir='ltr'><strong>quantum</strong></span> <span class='ocrx_word' id='word_1_66' title='bbox 373 1155 472 1216; x_wconf 85' lang='lat' dir='ltr'><strong>sciam</strong></span> <span class='ocrx_word' id='word_1_67' title='bbox 493 1173 661 1235; x_wconf 74' lang='lat' dir='ltr'><strong>nunquam</strong></span> <span class='ocrx_word' id='word_1_68' title='bbox 682 1174 789 1238; x_wconf 89' lang='lat' dir='ltr'><strong>neque</strong></span> <span class='ocrx_word' id='word_1_69' title='bbox 799 1159 955 1223; x_wconf 84' lang='lat' dir='ltr'><strong>Terentio</strong></span> <span class='ocrx_word' id='word_1_70' title='bbox 978 1182 997 1220; x_wconf 88' lang='lat' dir='ltr'><strong>a</strong></span> <span class='ocrx_word' id='word_1_71' title='bbox 1015 1160 1177 1222; x_wconf 86' lang='lat' dir='ltr'><strong>maledico</strong></span> <span class='ocrx_word' id='word_1_72' title='bbox 1199 1162 1278 1225; x_wconf 83' lang='lat' dir='ltr'><strong>eius¹</strong></span> 
     </span>
     <span class='ocr_line' id='line_1_11' title="bbox 190 1250 1266 1337; baseline 0.005 -21"><span class='ocrx_word' id='word_1_73' title='bbox 190 1256 414 1316; x_wconf 76' lang='lat' dir='ltr'><strong>obtrectatore</strong></span> <span class='ocrx_word' id='word_1_74' title='bbox 437 1270 545 1333; x_wconf 89' lang='lat' dir='ltr'><strong>neque</strong></span> <span class='ocrx_word' id='word_1_75' title='bbox 567 1250 637 1312; x_wconf 88' lang='lat' dir='ltr'><strong>aliis</strong></span> <span class='ocrx_word' id='word_1_76' title='bbox 669 1252 709 1313; x_wconf 90' lang='lat' dir='ltr'><strong>de</strong></span> <span class='ocrx_word' id='word_1_77' title='bbox 733 1254 793 1314; x_wconf 87' lang='lat' dir='ltr'><strong>bac</strong></span> <span class='ocrx_word' id='word_1_78' title='bbox 814 1265 851 1315; x_wconf 84' lang='lat' dir='ltr'><strong>r&#39;e</strong></span> <span class='ocrx_word' id='word_1_79' title='bbox 873 1257 1104 1337; x_wconf 82' lang='lat' dir='ltr'><strong>exprobratum</strong></span> <span class='ocrx_word' id='word_1_80' title='bbox 1126 1267 1194 1332; x_wconf 85' lang='lat' dir='ltr'><strong>est,</strong></span> <span class='ocrx_word' id='word_1_81' title='bbox 1225 1259 1266 1321; x_wconf 91' lang='lat' dir='ltr'><strong>ad</strong></span> 
     </span>
     <span class='ocr_line' id='line_1_12' title="bbox 190 1352 1265 1438; baseline 0.002 -22"><span class='ocrx_word' id='word_1_82' title='bbox 190 1370 320 1416; x_wconf 85' lang='lat' dir='ltr'><strong>servum</strong></span> <span class='ocrx_word' id='word_1_83' title='bbox 342 1352 543 1411; x_wconf 85' lang='lat' dir='ltr'><strong>imitatorum</strong></span> <span class='ocrx_word' id='word_1_84' title='bbox 564 1369 665 1429; x_wconf 89' lang='lat' dir='ltr'><strong>pecus</strong></span> <span class='ocrx_word' id='word_1_85' title='bbox 687 1369 742 1410; x_wconf 91' lang='lat' dir='ltr'><strong>eos</strong></span> <span class='ocrx_word' id='word_1_86' title='bbox 764 1352 949 1415; x_wconf 77' lang='lat' dir='ltr'><strong>reccidisse.</strong></span> <span class='ocrx_word' id='word_1_87' title='bbox 993 1356 1039 1415; x_wconf 82' lang='lat' dir='ltr'><strong>lis&#39;</strong></span> <span class='ocrx_word' id='word_1_88' title='bbox 1061 1356 1115 1438; x_wconf 92' lang='lat' dir='ltr'><strong>qui</strong></span> <span class='ocrx_word' id='word_1_89' title='bbox 1137 1358 1265 1418; x_wconf 81' lang='lat' dir='ltr'><strong>Graece</strong></span> 
     </span>
     <span class='ocr_line' id='line_1_13' title="bbox 190 1445 1266 1535; baseline 0.001 -22"><span class='ocrx_word' id='word_1_90' title='bbox 190 1452 311 1531; x_wconf 86' lang='lat' dir='ltr'><strong>scripta</strong></span> <span class='ocrx_word' id='word_1_91' title='bbox 334 1448 456 1509; x_wconf 89' lang='lat' dir='ltr'><strong>Latinis</strong></span> <span class='ocrx_word' id='word_1_92' title='bbox 479 1447 595 1506; x_wconf 87' lang='lat' dir='ltr'><strong>litteris</strong></span> <span class='ocrx_word' id='word_1_93' title='bbox 617 1445 770 1508; x_wconf 85' lang='lat' dir='ltr'><strong>tradituri</strong></span> <span class='ocrx_word' id='word_1_94' title='bbox 792 1460 899 1525; x_wconf 81' lang='lat' dir='ltr'><strong>eraut,</strong></span> <span class='ocrx_word' id='word_1_95' title='bbox 918 1452 944 1510; x_wconf 89' lang='lat' dir='ltr'><strong>si</strong></span> <span class='ocrx_word' id='word_1_96' title='bbox 966 1473 1064 1533; x_wconf 85' lang='lat' dir='ltr'><strong>qnam</strong></span> <span class='ocrx_word' id='word_1_97' title='bbox 1078 1452 1163 1535; x_wconf 86' lang='lat' dir='ltr'><strong>apud</strong></span> <span class='ocrx_word' id='word_1_98' title='bbox 1178 1455 1266 1517; x_wconf 86' lang='lat' dir='ltr'><strong>viros</strong></span> 
     </span>
     <span class='ocr_line' id='line_1_14' title="bbox 189 1545 1265 1626; baseline 0.001 -16"><span class='ocrx_word' id='word_1_99' title='bbox 189 1549 320 1611; x_wconf 89' lang='lat' dir='ltr'><strong>liberali</strong></span> <span class='ocrx_word' id='word_1_100' title='bbox 343 1546 493 1607; x_wconf 87' lang='lat' dir='ltr'><strong>doctrina</strong></span> <span class='ocrx_word' id='word_1_101' title='bbox 515 1545 659 1606; x_wconf 83' lang='lat' dir='ltr'><strong>excultos</strong></span> <span class='ocrx_word' id='word_1_102' title='bbox 680 1565 803 1626; x_wconf 80' lang='lat' dir='ltr'><strong>operae</strong></span> <span class='ocrx_word' id='word_1_103' title='bbox 826 1555 860 1607; x_wconf 90' lang='lat' dir='ltr'><strong>et</strong></span> <span class='ocrx_word' id='word_1_104' title='bbox 881 1547 1005 1609; x_wconf 84' lang='lat' dir='ltr'><strong>laboris</strong></span> <span class='ocrx_word' id='word_1_105' title='bbox 1029 1550 1265 1611; x_wconf 85' lang='lat' dir='ltr'><strong>landembabi-</strong></span> 
     </span>
     <span class='ocr_line' id='line_1_15' title="bbox 186 1643 1266 1721; baseline -0.001 -12"><span class='ocrx_word' id='word_1_106' title='bbox 186 1649 255 1709; x_wconf 91' lang='lat' dir='ltr'><strong>turi</strong></span> <span class='ocrx_word' id='word_1_107' title='bbox 277 1653 381 1720; x_wconf 83' lang='lat' dir='ltr'><strong>erant,</strong></span> <span class='ocrx_word' id='word_1_108' title='bbox 406 1643 484 1704; x_wconf 88' lang='lat' dir='ltr'><strong>haec</strong></span> <span class='ocrx_word' id='word_1_109' title='bbox 507 1643 557 1703; x_wconf 81' lang='lat' dir='ltr'><strong>lex</strong></span> <span class='ocrx_word' id='word_1_110' title='bbox 577 1643 720 1704; x_wconf 86' lang='lat' dir='ltr'><strong>tenenda</strong></span> <span class='ocrx_word' id='word_1_111' title='bbox 743 1652 823 1721; x_wconf 83' lang='lat' dir='ltr'><strong>erat,</strong></span> <span class='ocrx_word' id='word_1_112' title='bbox 847 1653 882 1706; x_wconf 92' lang='lat' dir='ltr'><strong>ut</strong></span> <span class='ocrx_word' id='word_1_113' title='bbox 904 1667 944 1706; x_wconf 88' lang='lat' dir='ltr'><strong>ne</strong></span> <span class='ocrx_word' id='word_1_114' title='bbox 966 1645 1104 1707; x_wconf 83' lang='lat' dir='ltr'><strong>horrida</strong></span> <span class='ocrx_word' id='word_1_115' title='bbox 1126 1649 1266 1708; x_wconf 85' lang='lat' dir='ltr'><strong>inculta-</strong></span> 
     </span>
     <span class='ocr_line' id='line_1_16' title="bbox 187 1740 632 1830; baseline -0.016 -23"><span class='ocrx_word' id='word_1_116' title='bbox 187 1767 251 1830; x_wconf 86' lang='lat' dir='ltr'><strong>que</strong></span> <span class='ocrx_word' id='word_1_117' title='bbox 276 1751 449 1803; x_wconf 87' lang='lat' dir='ltr'><strong>uterentur</strong></span> <span class='ocrx_word' id='word_1_118' title='bbox 471 1740 632 1801; x_wconf 88' lang='lat' dir='ltr'><strong>oratione.</strong></span> 
     </span>
     <span class='ocr_line' id='line_1_17' title="bbox 207 1839 1263 1922; baseline 0.003 -21"><span class='ocrx_word' id='word_1_119' title='bbox 207 1863 210 1867; x_wconf 92' lang='lat'>·</span> <span class='ocrx_word' id='word_1_120' title='bbox 248 1844 365 1922; x_wconf 86' lang='lat' dir='ltr'><strong>ltaque</strong></span> <span class='ocrx_word' id='word_1_121' title='bbox 388 1840 563 1901; x_wconf 81' lang='lat' dir='ltr'><strong>Terentius</strong></span> <span class='ocrx_word' id='word_1_122' title='bbox 591 1839 660 1920; x_wconf 87' lang='lat' dir='ltr'><strong>ipse</strong></span> <span class='ocrx_word' id='word_1_123' title='bbox 694 1859 762 1900; x_wconf 88' lang='lat' dir='ltr'><strong>nou</strong></span> <span class='ocrx_word' id='word_1_124' title='bbox 795 1839 957 1902; x_wconf 86' lang='lat' dir='ltr'><strong>dubitavit</strong></span> <span class='ocrx_word' id='word_1_125' title='bbox 986 1842 1112 1903; x_wconf 79' lang='lat' dir='ltr'><strong>fabulas</strong></span> <span class='ocrx_word' id='word_1_126' title='bbox 1144 1863 1215 1903; x_wconf 85' lang='lat' dir='ltr'><strong>suas</strong></span> <span class='ocrx_word' id='word_1_127' title='bbox 1245 1866 1263 1904; x_wconf 87' lang='lat' dir='ltr'><strong>a</strong></span> 
     </span>
     <span class='ocr_line' id='line_1_18' title="bbox 186 1926 1265 2026; baseline 0.001 -25"><span class='ocrx_word' id='word_1_128' title='bbox 186 1963 290 2026; x_wconf 88' lang='lat' dir='ltr'><strong>pura</strong></span> <span class='ocrx_word' id='word_1_129' title='bbox 322 1960 386 2021; x_wconf 87' lang='lat' dir='ltr'><strong>qna</strong></span> <span class='ocrx_word' id='word_1_130' title='bbox 416 1926 556 2018; x_wconf 82' lang='lat' dir='ltr'><strong>scriptae¹</strong></span> <span class='ocrx_word' id='word_1_131' title='bbox 589 1945 698 1997; x_wconf 87' lang='lat' dir='ltr'><strong>esseut</strong></span> <span class='ocrx_word' id='word_1_132' title='bbox 727 1939 877 2000; x_wconf 88' lang='lat' dir='ltr'><strong>oratione</strong></span> <span class='ocrx_word' id='word_1_133' title='bbox 906 1941 1146 2022; x_wconf 81' lang='lat' dir='ltr'><strong>spectatoribus</strong></span> <span class='ocrx_word' id='word_1_134' title='bbox 1176 1957 1265 2002; x_wconf 89' lang='lat' dir='ltr'><strong>com-</strong></span> 
     </span>
     <span class='ocr_line' id='line_1_19' title="bbox 186 2033 1265 2116; baseline -0.002 -16"><span class='ocrx_word' id='word_1_135' title='bbox 186 2037 354 2100; x_wconf 88' lang='lat' dir='ltr'><strong>mendare.</strong></span> <span class='ocrx_word' id='word_1_136' title='bbox 397 2035 491 2095; x_wconf 83' lang='lat' dir='ltr'><strong>Conl.</strong></span> <span class='ocrx_word' id='word_1_137' title='bbox 514 2033 629 2095; x_wconf 88' lang='lat' dir='ltr'><strong>lleaut.</strong></span> <span class='ocrx_word' id='word_1_138' title='bbox 651 2034 736 2116; x_wconf 90' lang='lat' dir='ltr'><strong>prol.</strong></span> <span class='ocrx_word' id='word_1_139' title='bbox 759 2057 787 2093; x_wconf 87' lang='lat' dir='ltr'><strong>v.</strong></span> <span class='ocrx_word' id='word_1_140' title='bbox 809 2037 859 2103; x_wconf 82' lang='grc'><strong>46.</strong></span> <span class='ocrx_word' id='word_1_141' title='bbox 902 2037 995 2097; x_wconf 83' lang='lat' dir='ltr'><strong>Hanc</strong></span> <span class='ocrx_word' id='word_1_142' title='bbox 1022 2039 1265 2098; x_wconf 84' lang='lat' dir='ltr'><strong>antem-ratio-</strong></span> 
     </span>
     <span class='ocr_line' id='line_1_20' title="bbox 187 2132 1264 2218; baseline -0.005 -19"><span class='ocrx_word' id='word_1_143' title='bbox 187 2159 262 2199; x_wconf 87' lang='lat' dir='ltr'><strong>nem</strong></span> <span class='ocrx_word' id='word_1_144' title='bbox 285 2136 340 2218; x_wconf 87' lang='lat' dir='ltr'><strong>qui</strong></span> <span class='ocrx_word' id='word_1_145' title='bbox 363 2133 542 2193; x_wconf 85' lang='lat' dir='ltr'><strong>ineundam</strong></span> <span class='ocrx_word' id='word_1_146' title='bbox 563 2132 623 2195; x_wconf 90' lang='lat' dir='ltr'><strong>sibi</strong></span> <span class='ocrx_word' id='word_1_147' title='bbox 645 2153 713 2193; x_wconf 89' lang='lat' dir='ltr'><strong>esse</strong></span> <span class='ocrx_word' id='word_1_148' title='bbox 735 2132 862 2193; x_wconf 81' lang='lat' dir='ltr'><strong>ducunt</strong></span> <span class='ocrx_word' id='word_1_149' title='bbox 876 2148 950 2193; x_wconf 78' lang='lat' dir='ltr'><strong>&#39;non</strong></span> <span class='ocrx_word' id='word_1_150' title='bbox 974 2142 1038 2195; x_wconf 88' lang='lat' dir='ltr'><strong>tam</strong></span> <span class='ocrx_word' id='word_1_151' title='bbox 1060 2143 1194 2211; x_wconf 85' lang='lat' dir='ltr'><strong>curant,</strong></span> <span class='ocrx_word' id='word_1_152' title='bbox 1227 2144 1264 2195; x_wconf 88' lang='lat' dir='ltr'><strong>ut</strong></span> 
     </span>
     <span class='ocr_line' id='line_1_21' title="bbox 186 2230 1262 2317; baseline -0.005 -18"><span class='ocrx_word' id='word_1_153' title='bbox 186 2239 255 2300; x_wconf 88' lang='lat' dir='ltr'><strong>eius</strong></span> <span class='ocrx_word' id='word_1_154' title='bbox 277 2255 375 2317; x_wconf 86' lang='lat' dir='ltr'><strong>quem</strong></span> <span class='ocrx_word' id='word_1_155' title='bbox 405 2230 568 2293; x_wconf 85' lang='lat' dir='ltr'><strong>reddituri</strong></span> <span class='ocrx_word' id='word_1_156' title='bbox 599 2239 675 2290; x_wconf 89' lang='lat' dir='ltr'><strong>sunt</strong></span> <span class='ocrx_word' id='word_1_157' title='bbox 705 2230 806 2291; x_wconf 87' lang='lat' dir='ltr'><strong>verba</strong></span> <span class='ocrx_word' id='word_1_158' title='bbox 840 2254 936 2313; x_wconf 88' lang='lat' dir='ltr'><strong>quam</strong></span> <span class='ocrx_word' id='word_1_159' title='bbox 962 2234 1029 2292; x_wconf 83' lang='lat' dir='ltr'><strong>vim</strong></span> <span class='ocrx_word' id='word_1_160' title='bbox 1051 2234 1262 2316; x_wconf 73' lang='lat' dir='ltr'><strong>exprimant,</strong></span> 
     </span>
     <span class='ocr_line' id='line_1_22' title="bbox 184 2328 1259 2418; baseline -0.001 -23"><span class='ocrx_word' id='word_1_161' title='bbox 184 2332 276 2418; x_wconf 89' lang='lat' dir='ltr'><strong>quod</strong></span> <span class='ocrx_word' id='word_1_162' title='bbox 297 2332 410 2393; x_wconf 87' lang='lat' dir='ltr'><strong>fecisse</strong></span> <span class='ocrx_word' id='word_1_163' title='bbox 432 2330 572 2390; x_wconf 88' lang='lat' dir='ltr'><strong>Ennium</strong></span> <span class='ocrx_word' id='word_1_164' title='bbox 594 2328 772 2390; x_wconf 87' lang='lat' dir='ltr'><strong>Pacuvium</strong></span> <span class='ocrx_word' id='word_1_165' title='bbox 792 2330 927 2392; x_wconf 82' lang='lat' dir='ltr'><strong>Accium</strong></span> <span class='ocrx_word' id='word_1_166' title='bbox 949 2330 1068 2392; x_wconf 87' lang='lat' dir='ltr'><strong>multos</strong></span> <span class='ocrx_word' id='word_1_167' title='bbox 1090 2333 1172 2394; x_wconf 86' lang='lat' dir='ltr'><strong>alios</strong></span> <span class='ocrx_word' id='word_1_168' title='bbox 1193 2334 1259 2396; x_wconf 90' lang='lat' dir='ltr'><strong>Cic.</strong></span> 
     </span>
     <span class='ocr_line' id='line_1_23' title="bbox 182 2427 832 2517; baseline -0.014 -23"><span class='ocrx_word' id='word_1_169' title='bbox 182 2430 280 2494; x_wconf 80' lang='lat' dir='ltr'><strong>Acad.</strong></span> <span class='ocrx_word' id='word_1_170' title='bbox 302 2438 386 2512; x_wconf 84' lang='lat' dir='ltr'><strong>post.</strong></span> <span class='ocrx_word' id='word_1_171' title='bbox 409 2430 432 2506; x_wconf 92' lang='lat' dir='ltr'><strong>l,</strong></span> <span class='ocrx_word' id='word_1_172' title='bbox 453 2432 483 2503; x_wconf 87' lang='grc'><strong>3,</strong></span> <span class='ocrx_word' id='word_1_173' title='bbox 507 2434 545 2497; x_wconf 85' lang='grc'><strong>10</strong></span> <span class='ocrx_word' id='word_1_174' title='bbox 567 2427 662 2517; x_wconf 72' lang='lat' dir='ltr'><strong>testis·</strong></span> <span class='ocrx_word' id='word_1_175' title='bbox 677 2435 735 2488; x_wconf 88' lang='lat' dir='ltr'><strong>est.</strong></span> <span class='ocrx_word' id='word_1_176' title='bbox 814 2450 832 2489; x_wconf 81' lang='lat' dir='ltr'><strong>u</strong></span> 
     </span>
     <span class='ocr_line' id='line_1_24' title="bbox 243 2525 1259 2613; baseline 0.003 -24"><span class='ocrx_word' id='word_1_177' title='bbox 243 2532 356 2611; x_wconf 86' lang='lat' dir='ltr'><strong>ltaque</strong></span> <span class='ocrx_word' id='word_1_178' title='bbox 378 2527 492 2588; x_wconf 90' lang='lat' dir='ltr'><strong>scribit</strong></span> <span class='ocrx_word' id='word_1_179' title='bbox 514 2526 704 2609; x_wconf 83' lang='lat' dir='ltr'><strong>Hieronym.</strong></span> <span class='ocrx_word' id='word_1_180' title='bbox 731 2528 829 2610; x_wconf 73' lang='lat' dir='ltr'><strong>Epist.</strong></span> <span class='ocrx_word' id='word_1_181' title='bbox 847 2525 895 2588; x_wconf 81' lang='lat' dir='ltr'><strong>ad</strong></span> <span class='ocrx_word' id='word_1_182' title='bbox 913 2528 1095 2589; x_wconf 80' lang='lat' dir='ltr'><strong>Pammarb</strong></span> <span class='ocrx_word' id='word_1_183' title='bbox 1116 2529 1156 2589; x_wconf 81' lang='lat' dir='ltr'><strong>de</strong></span> <span class='ocrx_word' id='word_1_184' title='bbox 1176 2534 1259 2613; x_wconf 81' lang='lat' dir='ltr'><strong>opu·-</strong></span> 
     </span>
     <span class='ocr_line' id='line_1_25' title="bbox 181 2625 1261 2708; baseline 0 -18"><span class='ocrx_word' id='word_1_185' title='bbox 181 2650 232 2692; x_wconf 89' lang='lat' dir='ltr'><strong>mo</strong></span> <span class='ocrx_word' id='word_1_186' title='bbox 254 2649 363 2708; x_wconf 80' lang='lat' dir='ltr'><strong>genere</strong></span> <span class='ocrx_word' id='word_1_187' title='bbox 383 2625 628 2707; x_wconf 81' lang='lat' dir='ltr'><strong>interpretandi:</strong></span> <span class='ocrx_word' id='word_1_188' title='bbox 666 2625 857 2687; x_wconf 63' lang='lat' dir='ltr'><strong>”Terentius</strong></span> <span class='ocrx_word' id='word_1_189' title='bbox 887 2626 1107 2688; x_wconf 83' lang='lat' dir='ltr'><strong>Menandrum</strong></span> <span class='ocrx_word' id='word_1_190' title='bbox 1128 2628 1261 2690; x_wconf 79' lang='lat' dir='ltr'><strong>Plautus</strong></span> 
     </span>
     <span class='ocr_line' id='line_1_26' title="bbox 177 2724 1257 2812; baseline 0.002 -23"><span class='ocrx_word' id='word_1_191' title='bbox 177 2736 211 2790; x_wconf 87' lang='lat' dir='ltr'><strong>et</strong></span> <span class='ocrx_word' id='word_1_192' title='bbox 231 2724 390 2785; x_wconf 80' lang='lat' dir='ltr'><strong>Caecilius</strong></span> <span class='ocrx_word' id='word_1_193' title='bbox 411 2731 540 2784; x_wconf 77' lang='lat' dir='ltr'><strong>veteres</strong></span> <span class='ocrx_word' id='word_1_194' title='bbox 562 2725 705 2785; x_wconf 86' lang='lat' dir='ltr'><strong>comicos</strong></span> <span class='ocrx_word' id='word_1_195' title='bbox 726 2725 934 2804; x_wconf 86' lang='lat' dir='ltr'><strong>interpretati</strong></span> <span class='ocrx_word' id='word_1_196' title='bbox 955 2737 1040 2787; x_wconf 69' lang='lat' dir='ltr'><strong>sunt.</strong></span> <span class='ocrx_word' id='word_1_197' title='bbox 1081 2729 1257 2812; x_wconf 85' lang='lat' dir='ltr'><strong>Numquid</strong></span> 
     </span>
     <span class='ocr_line' id='line_1_27' title="bbox 181 2820 1258 2909; baseline 0.003 -25"><span class='ocrx_word' id='word_1_198' title='bbox 181 2826 318 2884; x_wconf 82' lang='lat' dir='ltr'><strong>baereat</strong></span> <span class='ocrx_word' id='word_1_199' title='bbox 339 2821 371 2880; x_wconf 92' lang='lat' dir='ltr'><strong>in</strong></span> <span class='ocrx_word' id='word_1_200' title='bbox 396 2820 504 2885; x_wconf 87' lang='lat' dir='ltr'><strong>verbis</strong></span> <span class='ocrx_word' id='word_1_201' title='bbox 535 2840 573 2880; x_wconf 87' lang='lat' dir='ltr'><strong>ae</strong></span> <span class='ocrx_word' id='word_1_202' title='bbox 601 2839 666 2880; x_wconf 89' lang='lat' dir='ltr'><strong>non</strong></span> <span class='ocrx_word' id='word_1_203' title='bbox 690 2820 844 2882; x_wconf 90' lang='lat' dir='ltr'><strong>decorem</strong></span> <span class='ocrx_word' id='word_1_204' title='bbox 875 2825 973 2906; x_wconf 79' lang='lat' dir='ltr'><strong>magis</strong></span> <span class='ocrx_word' id='word_1_205' title='bbox 1002 2834 1035 2885; x_wconf 91' lang='lat' dir='ltr'><strong>et</strong></span> <span class='ocrx_word' id='word_1_206' title='bbox 1067 2824 1258 2909; x_wconf 83' lang='lat' dir='ltr'><strong>elegantiam</strong></span> 
     </span>
     <span class='ocr_line' id='line_1_28' title="bbox 182 2919 1264 3005; baseline 0.004 -23"><span class='ocrx_word' id='word_1_207' title='bbox 182 2922 215 2982; x_wconf 88' lang='lat' dir='ltr'><strong>in</strong></span> <span class='ocrx_word' id='word_1_208' title='bbox 239 2919 452 3005; x_wconf 76' lang='lat' dir='ltr'><strong>translatione</strong></span> <span class='ocrx_word' id='word_1_209' title='bbox 480 2927 795 3001; x_wconf 76' lang='lat' dir='ltr'><strong>conservantquam</strong></span> <span class='ocrx_word' id='word_1_210' title='bbox 817 2922 988 2983; x_wconf 83' lang='lat' dir='ltr'><strong>veritatem</strong></span> <span class='ocrx_word' id='word_1_211' title='bbox 1010 2925 1264 3005; x_wconf 78' lang='lat' dir='ltr'><strong>interpretatio--</strong></span> 
     </span>
    </p>
   </div>
   <div class='ocr_carea' id='block_1_4' title="bbox 181 3016 1359 3108">
    <p class='ocr_par' dir='ltr' id='par_1_4' title="bbox 181 3016 1359 3108">
     <span class='ocr_line' id='line_1_29' title="bbox 181 3016 1359 3108; baseline 0.005 -28"><span class='ocrx_word' id='word_1_212' title='bbox 181 3020 285 3081; x_wconf 69' lang='lat' dir='ltr'><strong>nist»</strong></span> <span class='ocrx_word' id='word_1_213' title='bbox 327 3020 449 3081; x_wconf 87' lang='lat' dir='ltr'><strong>Contra</strong></span> <span class='ocrx_word' id='word_1_214' title='bbox 472 3016 557 3099; x_wconf 90' lang='lat' dir='ltr'><strong>apud</strong></span> <span class='ocrx_word' id='word_1_215' title='bbox 581 3018 778 3079; x_wconf 88' lang='lat' dir='ltr'><strong>Ciceronem</strong></span> <span class='ocrx_word' id='word_1_216' title='bbox 809 3019 850 3081; x_wconf 88' lang='lat' dir='ltr'><strong>de</strong></span> <span class='ocrx_word' id='word_1_217' title='bbox 877 3020 950 3082; x_wconf 86' lang='lat' dir='ltr'><strong>Fin.</strong></span> <span class='ocrx_word' id='word_1_218' title='bbox 974 3023 1091 3098; x_wconf 48' lang='lat' dir='ltr'><strong>l‚19‚5</strong></span> <span class='ocrx_word' id='word_1_219' title='bbox 1129 3024 1258 3085; x_wconf 76' lang='lat' dir='ltr'><strong>bttilius</strong></span> <span class='ocrx_word' id='word_1_220' title='bbox 1356 3104 1359 3108; x_wconf 18' lang='lat'><strong>¹</strong></span> 
     </span>
    </p>
   </div>
   <div class='ocr_carea' id='block_1_5' title="bbox 108 3116 1259 4085">
    <p class='ocr_par' dir='ltr' id='par_1_5' title="bbox 108 3116 1259 4085">
     <span class='ocr_line' id='line_1_30' title="bbox 182 3116 1256 3201; baseline 0.002 -23"><span class='ocrx_word' id='word_1_221' title='bbox 182 3118 238 3201; x_wconf 90' lang='lat' dir='ltr'><strong>qui</strong></span> <span class='ocrx_word' id='word_1_222' title='bbox 261 3117 433 3198; x_wconf 84' lang='lat' dir='ltr'><strong>Sophoclis</strong></span> <span class='ocrx_word' id='word_1_223' title='bbox 460 3116 625 3177; x_wconf 88' lang='lat' dir='ltr'><strong>Electram</strong></span> <span class='ocrx_word' id='word_1_224' title='bbox 658 3118 983 3180; x_wconf 80' lang='lat' dir='ltr'><strong>muleconverterat</strong></span> <span class='ocrx_word' id='word_1_225' title='bbox 1010 3129 1031 3181; x_wconf 85' lang='lat' dir='ltr'><strong>a&#39;</strong></span> <span class='ocrx_word' id='word_1_226' title='bbox 1057 3122 1187 3181; x_wconf 86' lang='lat' dir='ltr'><strong>Licinio</strong></span> <span class='ocrx_word' id='word_1_227' title='bbox 1210 3120 1256 3197; x_wconf 60' lang='grc' dir='ltr'><strong>ι4)</strong></span> 
     </span>
     <span class='ocr_line' id='line_1_31' title="bbox 181 3213 1256 3298; baseline 0.005 -24"><span class='ocrx_word' id='word_1_228' title='bbox 181 3213 561 3294; x_wconf 82' lang='lat' dir='ltr'><strong>ferreusscriptor</strong></span> <span class='ocrx_word' id='word_1_229' title='bbox 592 3215 801 3288; x_wconf 86' lang='lat' dir='ltr'><strong>nominatur,</strong></span> <span class='ocrx_word' id='word_1_230' title='bbox 835 3225 869 3276; x_wconf 91' lang='lat' dir='ltr'><strong>et</strong></span> <span class='ocrx_word' id='word_1_231' title='bbox 889 3216 991 3298; x_wconf 84' lang='lat' dir='ltr'><strong>Epist.</strong></span> <span class='ocrx_word' id='word_1_232' title='bbox 1020 3214 1256 3295; x_wconf 77' lang='lat' dir='ltr'><strong>adntc··x1v‚</strong></span> 
     </span>
     <span class='ocr_line' id='line_1_32' title="bbox 179 3310 1242 3389; baseline 0.003 -20"><span class='ocrx_word' id='word_1_233' title='bbox 179 3318 230 3389; x_wconf 72' lang='lat'><strong>90,</strong></span> <span class='ocrx_word' id='word_1_234' title='bbox 251 3314 272 3378; x_wconf 87' lang='lat'><strong>3</strong></span> <span class='ocrx_word' id='word_1_235' title='bbox 292 3310 357 3370; x_wconf 91' lang='lat' dir='ltr'><strong>boc</strong></span> <span class='ocrx_word' id='word_1_236' title='bbox 381 3331 475 3374; x_wconf 84' lang='lat' dir='ltr'><strong>versu</strong></span> <span class='ocrx_word' id='word_1_237' title='bbox 498 3311 611 3372; x_wconf 83' lang='lat' dir='ltr'><strong>allato:</strong></span> <span class='ocrx_word' id='word_1_238' title='bbox 666 3344 669 3349; x_wconf 92' lang='lat'>-</span> <span class='ocrx_word' id='word_1_239' title='bbox 728 3342 732 3347; x_wconf 94' lang='lat'><strong>·</strong></span> <span class='ocrx_word' id='word_1_240' title='bbox 1239 3344 1242 3351; x_wconf 36' lang='grc' dir='ltr'>ν</span> 
     </span>
     <span class='ocr_line' id='line_1_33' title="bbox 108 3409 1258 3497; baseline 0.007 -28"><span class='ocrx_word' id='word_1_241' title='bbox 108 3489 112 3497; x_wconf 30' lang='lat'>¹</span> <span class='ocrx_word' id='word_1_242' title='bbox 190 3424 196 3435; x_wconf 86' lang='lat'><em>&#39;</em></span> <span class='ocrx_word' id='word_1_243' title='bbox 265 3409 361 3470; x_wconf 85' lang='lat' dir='ltr'><strong>Suam</strong></span> <span class='ocrx_word' id='word_1_244' title='bbox 383 3413 491 3494; x_wconf 82' lang='lat' dir='ltr'><strong>cuique</strong></span> <span class='ocrx_word' id='word_1_245' title='bbox 512 3431 661 3493; x_wconf 83' lang='lat' dir='ltr'><strong>sponsam</strong></span> <span class='ocrx_word' id='word_1_246' title='bbox 680 3412 756 3471; x_wconf 81' lang='lat' dir='ltr'><strong>nu&#39;bi</strong></span> <span class='ocrx_word' id='word_1_247' title='bbox 774 3431 885 3486; x_wconf 82' lang='lat' dir='ltr'><strong>meam,</strong></span> <span class='ocrx_word' id='word_1_248' title='bbox 903 3412 1258 3497; x_wconf 83' lang='lat' dir='ltr'><strong>suumcuiqucamorem</strong></span> 
     </span>
     <span class='ocr_line' id='line_1_34' title="bbox 316 3510 509 3569; baseline -0.01 0"><span class='ocrx_word' id='word_1_249' title='bbox 316 3510 393 3569; x_wconf 78' lang='lat' dir='ltr'><strong>milri</strong></span> <span class='ocrx_word' id='word_1_250' title='bbox 411 3530 509 3569; x_wconf 75' lang='lat' dir='ltr'><strong>nisum</strong></span> 
     </span>
     <span class='ocr_line' id='line_1_35' title="bbox 182 3607 1257 3692; baseline 0.005 -25"><span class='ocrx_word' id='word_1_251' title='bbox 182 3619 268 3667; x_wconf 73' lang='lat' dir='ltr'><strong>‘non</strong></span> <span class='ocrx_word' id='word_1_252' title='bbox 292 3607 409 3682; x_wconf 55' lang='lat' dir='ltr'><strong>scite»,</strong></span> <span class='ocrx_word' id='word_1_253' title='bbox 432 3607 540 3689; x_wconf 86' lang='lat' dir='ltr'><strong>inquit</strong></span> <span class='ocrx_word' id='word_1_254' title='bbox 561 3607 688 3684; x_wconf 89' lang='lat' dir='ltr'><strong>Cicero,</strong></span> <span class='ocrx_word' id='word_1_255' title='bbox 715 3608 796 3670; x_wconf 68' lang='lat' dir='ltr'><strong>»hoo</strong></span> <span class='ocrx_word' id='word_1_256' title='bbox 818 3608 907 3669; x_wconf 91' lang='lat' dir='ltr'><strong>enim</strong></span> <span class='ocrx_word' id='word_1_257' title='bbox 926 3607 1055 3669; x_wconf 82' lang='lat' dir='ltr'><strong>Attilins</strong></span> <span class='ocrx_word' id='word_1_258' title='bbox 1076 3620 1173 3692; x_wconf 85' lang='lat' dir='ltr'><strong>poeta</strong></span> <span class='ocrx_word' id='word_1_259' title='bbox 1196 3612 1257 3672; x_wconf 90' lang='lat' dir='ltr'><strong>du-</strong></span> 
     </span>
     <span class='ocr_line' id='line_1_36' title="bbox 178 3703 1259 3778; baseline 0.005 -12"><span class='ocrx_word' id='word_1_260' title='bbox 178 3703 353 3766; x_wconf 60' lang='lat' dir='ltr'><strong>rissimos.»</strong></span> <span class='ocrx_word' id='word_1_261' title='bbox 381 3736 422 3751; x_wconf 89' lang='lat'><strong>—-</strong></span> <span class='ocrx_word' id='word_1_262' title='bbox 448 3704 574 3767; x_wconf 90' lang='lat' dir='ltr'><strong>Eodem</strong></span> <span class='ocrx_word' id='word_1_263' title='bbox 602 3706 680 3767; x_wconf 89' lang='lat' dir='ltr'><strong>vitio</strong></span> <span class='ocrx_word' id='word_1_264' title='bbox 701 3707 836 3769; x_wconf 84' lang='lat' dir='ltr'><strong>Luscius</strong></span> <span class='ocrx_word' id='word_1_265' title='bbox 863 3708 929 3778; x_wconf 16' lang='lat' dir='ltr'><strong>&#39;iste</strong></span> <span class='ocrx_word' id='word_1_266' title='bbox 951 3708 1136 3771; x_wconf 85' lang='lat' dir='ltr'><strong>Lanuvinus</strong></span> <span class='ocrx_word' id='word_1_267' title='bbox 1166 3710 1259 3771; x_wconf 86' lang='lat' dir='ltr'><strong>labo-</strong></span> 
     </span>
     <span class='ocr_line' id='line_1_37' title="bbox 177 3796 476 3879; baseline -0.003 -15"><span class='ocrx_word' id='word_1_268' title='bbox 177 3796 263 3864; x_wconf 79' lang='lat' dir='ltr'><strong>rarit</strong></span> <span class='ocrx_word' id='word_1_269' title='bbox 282 3802 314 3863; x_wconf 88' lang='lat' dir='ltr'><strong>ln</strong></span> <span class='ocrx_word' id='word_1_270' title='bbox 340 3803 476 3879; x_wconf 83' lang='lat' dir='ltr'><strong>fabulis‚·</strong></span> 
     </span>
     <span class='ocr_line' id='line_1_38' title="bbox 263 3903 1151 3982; baseline 0.007 -22"><span class='ocrx_word' id='word_1_271' title='bbox 263 3903 326 3982; x_wconf 82' lang='lat' dir='ltr'><strong>Qui</strong></span> <span class='ocrx_word' id='word_1_272' title='bbox 345 3903 418 3964; x_wconf 84' lang='lat' dir='ltr'><strong>bene</strong></span> <span class='ocrx_word' id='word_1_273' title='bbox 437 3905 588 3966; x_wconf 78' lang='lat' dir='ltr'><strong>verrendo</strong></span> <span class='ocrx_word' id='word_1_274' title='bbox 610 3918 639 3966; x_wconf 85' lang='lat' dir='ltr'><strong>et</strong></span> <span class='ocrx_word' id='word_1_275' title='bbox 661 3907 785 3967; x_wconf 85' lang='lat' dir='ltr'><strong>easdem</strong></span> <span class='ocrx_word' id='word_1_276' title='bbox 805 3907 966 3968; x_wconf 79' lang='lat' dir='ltr'><strong>scribendo</strong></span> <span class='ocrx_word' id='word_1_277' title='bbox 988 3909 1087 3980; x_wconf 83' lang='lat' dir='ltr'><strong>male,</strong></span> <span class='ocrx_word' id='word_1_278' title='bbox 1110 3926 1151 3966; x_wconf 78' lang='lat' dir='ltr'><strong>ex</strong></span> 
     </span>
     <span class='ocr_line' id='line_1_39' title="bbox 262 3999 975 4085; baseline 0.005 -26"><span class='ocrx_word' id='word_1_279' title='bbox 262 3999 395 4062; x_wconf 77' lang='lat' dir='ltr'><strong>Graecis</strong></span> <span class='ocrx_word' id='word_1_280' title='bbox 415 4002 505 4063; x_wconf 84' lang='lat' dir='ltr'><strong>bonis·</strong></span> <span class='ocrx_word' id='word_1_281' title='bbox 525 4005 662 4066; x_wconf 79' lang='lat' dir='ltr'><strong>Latinas</strong></span> <span class='ocrx_word' id='word_1_282' title='bbox 673 4004 758 4085; x_wconf 81' lang='lat' dir='ltr'><strong>fecit</strong></span> <span class='ocrx_word' id='word_1_283' title='bbox 780 4024 843 4066; x_wconf 83' lang='lat' dir='ltr'><strong>nou</strong></span> <span class='ocrx_word' id='word_1_284' title='bbox 864 4005 975 4067; x_wconf 82' lang='lat' dir='ltr'><strong>bonas.</strong></span> 
     </span>
    </p>
   </div>
   <div class='ocr_carea' id='block_1_6' title="bbox 0 0 1366 4642">
    <p class='ocr_par' dir='ltr' id='par_1_6' title="bbox 0 0 1366 4642">
     <span class='ocr_line' id='line_1_40' title="bbox 0 0 1366 4642; baseline 0 6"><span class='ocrx_word' id='word_1_285' title='bbox 0 0 1366 4642; x_wconf 95' lang='lat' dir='ltr'><strong> </strong></span> 
     </span>
    </p>
   </div>
  </div>
 </body>
</html>
