2722 4642
664 166 711 243 24

147 334 304 421 Virgilian
326 337 448 422 (Eclog.
460 336 522 414 .‚1v
547 338 603 419 ΙΙΙ)
621 337 759 402 candem
783 341 942 415 Lucinam
963 347 1220 434 Dianamrolnit,

147 440 235 501 unde
257 446 335 502 est:-
467 461 469 467 ·
498 468 505 503 .-
620 492 623 496 1
674 492 677 497 .

82 617 86 621 .
194 563 197 567 ·
271 535 373 597 casta
381 533 463 613 fave
483 533 618 610 Lucina,
640 550 713 597 tuas
733 538 797 599 iam
818 555 933 620 regnat
954 484 1082 626 Apollo.
1084 553 1100 586 s

143 633 282 696 Disnam
303 652 437 714 qnoque
459 631 537 704 licet
568 636 755 714 posteriore
784 645 933 718 tempore
964 643 1219 722 parturientium

144 731 238 794 deum
261 730 359 795 inisse
382 729 440 790 'tllo
462 729 608 813 Virgilii
621 731 695 795 loco
730 742 764 794 et
786 734 873 795 Hor.
903 739 938 805 C.
961 738 991 797 S.
1016 763 1043 801 v
1079 747 1117 809 13
1146 763 1218 824 sqq.

143 818 297 904 constet,
303 828 480 911 antiquitus
501 837 607 888 tannen
628 831 895 912 apndRomanos
916 857 933 895 a
955 839 1216 916 parturientibus

142 937 179 994 ut
198 927 268 988 sibi
283 926 428 1010 propitia
450 946 519 990 esse
542 927 620 993 velit
639 923 725 988 luno
747 937 875 992 tantum
905 935 1053 1001 invocata
1074 935 1217 999 videtur.
1236 945 1238 949 ’

140 1024 228 1087 Hinc
249 1026 367 1094 Cicero
388 1024 503 1086 scribit
522 1025 557 1085 N.
579 1026 618 1085 D.
641 1026 678 1101 Il,
702 1027 845 1094 97;„»Ut
859 1030 953 1110 apud
967 1033 1118 1092 ¹Graecos
1131 1032 1220 1092 -Dis-

142 1146 217 1188 num
239 1144 376 1206 eamque
398 1124 594 1203 Luciferum,
615 1125 771 1206 sica-pud
788 1148 854 1188 *nos
874 1129 1038 1190 lunonem
1060 1132 1220 1192 Lucinam

140 1223 359 1306 ili-pariendo
382 1222 574 1282 innocent).
613 1222 709 1299 Quod
732 1232 904 1305 praeterea
926 1225 1098 1291 scholiasta
1120 1227 1217 1288 dicits

143 1325 241 1386 ‘Nota
273 1322 336 1387 hoc
366 1322 460 1392 etium
494 1340 588 1380 versu
620 1321 756 1383 totidem
779 1323 885 1384 verbis
909 1326 955 1384 uti
977 1346 1090 1385 omnes
1114 1347 1218 1405 puer-

139 1441 236 1505 peras
258 1420 290 1479 in
307 1418 523 1494 *comoedum
544 1417 732 1500 id-xquidem
754 1423 978 1483 confirmatur
999 1423 1137 1506 Adelph.
1163 1425 1214 1501 ΙΙΙ,

137 1518 308 1598 4,41-ubi
330 1518 444 1579 endem
465 1517 747 1599 prorsus-ratione
770 1541 834 1601 qua
856 1520 1000 1582 Andriae
1032 1523 1106 1584 loco
1135 1508 1242 1583 scri-.'

137 1628 230 1705 ptum
252 1623 315 1678 ests
380 1632 382 1636 ⁴
992 1640 1016 1645 ·’

261 1717 345 1776 Jnno
365 1713 500 1786 Lucina,
511 1711 572 1790 fir
593 1734 691 1796 opem,
713 1736 802 1776 serva
823 1738 881 1790 me,
905 1717 1040 1778 obsecro.

139 1812 332 1882 parturiens
352 1819 460 1870 tamen
482 1809 585 1869 Plent.
610 1811 717 1871 Aulul.
742 1811 793 1889 lV,
815 1820 844 1890 7,
870 1820 907 1882 11
930 1817 1074 1877 clamotr.
1114 1846 1118 1850 ·

167 1941 171 1948 ·
249 1912 346 1970 duno
367 1909 489 1968 Lucina
508 1921 597 1968 tuam
608 1908 721 1993 fidem.
1065 1944 1072 1959 ι

137 2007 270 2093 Mysid-is
301 2005 409 2066 verbis
436 2003 537 2065 Andr.
562 2005 614 2097 ΙΙΙἓ
634 2007 673 2078 4,
700 2012 758 2074 39:
790 2011 851 2067 Dis
872 2010 931 2090 pol
948 2011 1045 2074 habeo
1071 2013 1212 2087 gratior,

137 2126 206 2168 cnm
226 2108 265 2180 in
277 2102 438 2186 pariundo
459 2102 582 2184 aliquot
602 2103 931 2182 adficeruatliberae,
951 2103 1027 2164 hoo
1057 2103 1208 2165 scholion
1263 2093 1266 2098 ’

137 2203 338 2285 adscriptum
349 2209 414 2259 est-2
440 2199 658 2260 ’'Testimonie
680 2201 791 2261 libers·
805 2210 920 2262 contr-e
942 2222 1071 2262 servum
1093 2210 1132 2262 et·
1146 2200 1212 2264 hoc

137 2301 310 2385 proprium
324 2298 479 2359 ¹Terentii
501 2307 559 2374 ost,
576 2321 655 2361 ,nem
678 2298 719 2359 de
740 2300 887 2361 Romano
908 2318 1002 2362 rnore
1022 2299 1214 2363 hocdzioit⁸

138 2395 488 2466 nortmanorum]
519 2395 548 2455 b.
583 2395 605 2457 Ι.
633 2406 665 2457 et
696 2399 856 2480 quoiam
885 2397 1046 2479 delegauit
1079 2397 1214 2458 liubula

138 2497 248 2559 dictat.
271 2496 342 2578 Dig.
366 2494 407 2555 de
429 2504 531 2554 vente.
554 2493 668 2576 inspic.
693 2495 753 2577 leg.
775 2500 804 2570 ll,-
827 2501 847 2568 s
867 2499 918 2562 1-0.
1049 2502 1071 2575 '¹

178 2619 180 2635 =
196 2595 331 2655 Phorm.
343 2595 363 2668 l,
377 2599 404 2666 1,
419 2599 470 2659 15:
493 2593 597 2652 Porro
608 2605 710 2652 autem
728 2594 793 2653 alio
803 2593 897 2671 (Geta
911 2593 1051 2658 ferietur
1062 2593 1216 2674 munere)

103 2708 105 2715 ⁴
138 2692 188 2753 abt
209 2694 269 2750 erit
287 2710 385 2772 puero
406 2690 526 2747 natalis
545 2689 612 2746 dies
626 2689 961 2761 Udi.initiodnnt,hoe
983 2693 1016 2751 in
1040 2692 1093 2750 illa
1117 2690 1213 2751 scho-

138 2789 258 2851 liorum
281 2785 444 2867 ferragine
466 2793 759 2843 commemoratur:
778 2800 780 2806 ·
801 2786 951 2866 etegitur
977 2786 1063 2864 apud
1089 2784 1214 2845 Varro-

140 2905 217 2949 nem
240 2883 361 2941 initiari
386 2901 505 2961 pueros
529 2880 665 2941 Eduline
698 2891 731 2940 et
747 2881 891 2942 Potinae
925 2890 958 2942 et
973 2881 1212 2943 'cntraesdtvis

137 2981 258 3048 edendi
279 2987 313 3039 et
333 2977 468 3060 potandi
490 2987 522 3038 et
543 2977 685 3039 oubnndi
708 2979 766 3058 29)-
788 2979 845 3039 ubi
868 2984 1050 3062 primumn
1074 2980 1157 3042 lacte
1179 2990 1213 3042 et

136 3079 268 3145 sonnis
290 3078 494 3138 transierunt
506 3076 604 3157 ·quo'd
626 3076 781 3159 Virgilius
804 3078 927 3162 (Eclog.
950 3077 1003 3153 tv,
1025 3082 1092 3156 63)=

217 3177 282 3238 Nec
302 3174 377 3234 deus
398 3176 478 3234 harro
498 3196 606 3235 mensa
630 3173 690 3235 dea
712 3197 766 3236 neo
787 3175 923 3256 dignata
944 3176 1040 3235 cubili·
1055 3187 1109 3233 est.

137 3280 207 3340 Hoc
229 3273 397 3345 adnotavit
418 3272 555 3334 Probus.
607 3271 672 3332 Sed
694 3274 868 3334 Terentius
890 3270 1132 3352 Apollodorum
1162 3294 1212 3332 so-

136 3370 357 3458 qnitur‚opud
379 3392 476 3452 quem
499 3371 616 3453 legitur
638 3368 1056 3432 in-insnlsSsmothrsoum
1079 3390 1094 3429 a
1117 3379 1209 3432 certo

136 3483 286 3554 tempore
305 3490 429 3551 pueros
450 3470 571 3529 initiari
594 3490 685 3531 more
709 3469 974 3541 Atheniensium,
1006 3466 1094 3549 qnod
1119 3475 1155 3525 ut
1175 3467 1209 3526 in

134 3569 265 3652 palliata
290 3567 496 3651 probandum
518 3575 566 3627 est
586 3569 717 3650 magis.»
756 3569 803 3628 Ex
834 3565 883 3625 his
914 3565 1020 3625 verbis
1051 3565 1123 3626 satis
1152 3585 1210 3646 ap-

135 3676 232 3748 psret
252 3664 492 3748 Apollodorum
513 3665 567 3727 hic
590 3665 736 3727 locutum
759 3685 826 3726 esse
851 3662 892 3723 de
905 3662 1063 3723 initiando
1087 3662 1211 3722 Athen-

61 3763 63 3770 '
137 3766 274 3825 lensium
296 3785 398 3825 more.
441 3765 704 3825 Poeta'Latinns
734 3783 832 3845 quem
860 3782 957 3843 supra
988 3761 1126 3820 vidimus
1150 3779 1212 3817 no-

134 3861 222 3941 rnine
244 3862 364 3924 Loxiae
394 3863 631 3946 spectatoribus
653 3861 805 3924 Romanis
838 3859 987 3921 inaudito
1019 3855 1210 3919 abstinuisse

136 3958 189 4020 hic
211 3959 364 4021 universe
386 3960 501 4023 dicere
522 3961 645 4036 maluit,
668 3960 781 4041 eisque
804 3959 860 4042 qni
878 3958 1211 4035 fabulamspectstum

136 4058 292 4118 renerent
313 4060 523 4140 permittere,
547 4067 583 4122 ut
604 4059 645 4121 de
667 4059 731 4120 suis
754 4078 888 4142 quoque
910 4056 1054 4138 cogitare
1075 4060 1211 4135 possent
