2722 4642
199 370 353 435 indomo
376 365 558 430 meretricis
577 364 663 426 iacta
694 373 768 427 sunt
798 376 940 449 aguntur
961 369 994 430 iu
1018 372 1143 438 Graeca
1167 377 1277 441 sabata

199 491 272 531 aon
292 464 488 530 narrantur!
529 465 609 524 Tam
633 463 698 524 hoc
720 462 870 545 ineptum
896 474 964 542 est,
995 479 1032 530 ut
1050 473 1161 534 serbis
1182 475 1213 536 in
1235 496 1277 537 ee

197 564 383 630 rdietieado
406 583 557 644 parcere
591 561 722 623 ticcam
769 562 930 645 Equidem
960 588 1095 651 quoque
1125 571 1166 631 ad
1195 572 1278 636 haee

196 661 469 727 aeiciieudenoa
491 660 554 720 iam
577 660 685 721 mul-tis
709 661 817 725 verbis
835 680 920 744 opus
948 685 1016 725 esse
1046 667 1168 743 eredo,
1201 691 1277 732 eum

196 784 296 844 prava
318 762 467 820 nitantur
488 758 682 820 scholiastae
710 760 887 822 verborum
916 762 1210 846 interpretatione,
1242 768 1276 828 id

196 859 287 943 quod
311 859 435 941 patebit
445 878 482 919 ox
496 857 533 916 iis
556 875 639 938 quae
651 856 827 938 ipsesupra
844 857 1015 940 disputavi.
1036 862 1163 924 Eodem
1175 864 1276 926 modo

196 960 297 1020 verba
321 955 470 1018 Eunuch.
494 956 546 1029 111,
566 956 650 1029 4,1=
679 954 720 1016 Ut
742 955 832 1037 apud
840 958 1051 1020 Menandrum
1073 959 1277 1023 additamen-

196 1065 268 1119 tum
290 1075 366 1116 -essc
393 1053 547 1136 opinatur
576 1052 717 1112 hominis
740 1051 795 1135 qui
817 1053 941 1113 ‘Donati
966 1058 1086 1123 verbor
1116 1061 1199 1121 Bene
1227 1062 1277 1120 in-

195 1169 287 1215 venta
304 1173 443 1236 persona
461 1152 515 1211 cui
535 1163 643 1210 narret
666 1151 825 1223 Chaerea,
859 1172 896 1211 ne
926 1173 1005 1211 unus
1037 1154 1092 1212 dia
1123 1155 1275 1238 quuatur

194 1249 450 1312 ssd-'Terentium
468 1249 624 1309 reterens
655 1247 735 1308 nihii
768 1250 864 1332 magis
878 1286 880 1291 >
895 1249 1077 1318 crediderit
1102 1271 1170 1311 esse
1192 1270 1274 1312 eon·

193 1356 395 1422 seutaneum,
418 1368 513 1429 quam
534 1347 627 1428 ,quod
650 1347 783 1406 Latinus
805 1355 903 1429 poeta
933 1348 1111 1424 invenerit,
1146 1369 1187 1409 eo
1219 1371 1274 1409 ca·

196 1444 298 1506 ruisse
322 1446 494 1503 Graecum.
537 1443 613 1502 Scio
637 1443 790 1526 equidem
823 1465 877 1503 eos
908 1445 964 1526 qui
995 1445 1130 1505 sinceris
1152 1446 1273 1504 Donati

194 1541 303 1602 verbis
334 1563 389 1600 sua
418 1539 660 1623 adspergebant
695 1540 788 1600 tuisse
821 1541 972 1601 homines
1003 1541 1135 1623 ineptos
1167 1541 1276 1603 futiles

194 1638 279 1701 male
302 1637 426 1698 doctos.
469 1637 526 1698 Est
547 1646 654 1698 autem
679 1637 947 1698 fraudulenteret
963 1639 1045 1698 maia
1066 1639 1277 1724 iideagentis,

197 1756 268 1797 nm
299 1733 478 1812 affirmare,
511 1735 605 1796 cuius
638 1756 774 1818 prorsus
805 1736 927 1795 nuliam
963 1735 1083 1796 habeat
1116 1737 1276 1799 notitiem.

195 1836 290 1899 Hauc
312 1843 419 1895 autem
452 1844 562 1895 notam
593 1856 663 1896 nnn
692 1842 771 1917 poto
802 1837 869 1894 istis
901 1835 1084 1896 hominibus
1112 1857 1180 1897 esse
1204 1836 1279 1895 inu-

195 1933 344 1996 rendam.
389 1935 597 2014 itaquecum
620 1932 743 1993 diserte
772 1941 805 1993 et
835 1933 1030 2013 simpliciter
1050 1932 1205 1993 affirmari
1228 1935 1276 1993 ri-

193 2032 310 2105 deam,
333 2028 602 2089 Terentium-hic
621 2051 638 2086 a
663 2037 759 2107 poeta
783 2031 910 2087 Graeco
933 2029 1121 2101 recessisse,
1154 2029 1184 2086 ei
1217 2030 1275 2108 qui

195 2127 293 2189 buius
316 2127 363 2185 rei
385 2124 588 2184 mentionem
611 2122 722 2181 iniecit
745 2122 841 2180 tidem
866 2141 931 2180 non
956 2130 1081 2182 temere
1115 2120 1279 2206 derogan.

194 2223 271 2287 dam
294 2243 360 2283 esse
384 2239 513 2281 censeo.
558 2223 598 2279 tt
620 2220 643 2278 si
668 2217 863 2299 Antiphouis
894 2230 1074 2300 pes-sonem
1094 2221 1185 2301 *apud
1208 2223 1279 2283 Me.

196 2320 362 2383 mandram
380 2338 448 2380 non
472 2318 636 2377 inventam
660 2336 729 2377 csse
752 2317 975 2390 statuerimus,
999 2324 1087 2377 tenta
1112 2338 1185 2400 pars
1208 2320 1278 2381 eius

198 2430 283 2502 quae
305 2417 452 2500 sequitur
479 2435 595 2476 scenae
619 2416 773 2475 Terentio
805 2414 981 2475 tribuenda
1011 2417 1091 2491 erit,
1124 2429 1279 2498 quantam

197 2518 288 2578 bunc
312 2536 479 2598 eranquam
510 2513 632 2573 desuo
656 2513 783 2574 dedisse
807 2514 917 2575 lhnius
941 2513 1079 2591 iudicat,
1108 2536 1185 2576 cum
1215 2517 1281 2577 Te·

196 2616 299 2676 rcutii
323 2613 386 2674 iam
408 2612 564 2694 proprios
586 2632 655 2671 esse
677 2633 790 2672 versus
813 2612 925 2694 viginti
945 2612 1092 2694 quinque
1104 2613 1296 2682 'existimct,

199 2713 389 2774 Terentiam
403 2714 547 2793 proprio.
567 2719 602 2770 ut
623 2710 715 2770 aiunt
725 2712 828 2773 Marte
851 2718 901 2773 tot
923 2731 1058 2784 versus,¹
1081 2711 1106 2770 si
1131 2709 1170 2771 ad
1189 2710 1281 2772 cieo.

197 2808 314 2889 maier
334 2809 462 2870 inbutae
487 2817 522 2868 ut
544 2808 612 2890 ipse
628 2830 698 2870 eam
723 2809 873 2869 facturus·
890 2816 960 2866 erat
983 2807 1052 2866 hoc·
1067 2809 1279 2871 commodam

200 2917 235 2970 et
256 2908 473 2968 necessarium
497 2929 564 2969 esse
587 2907 731 2987 putabat,
754 2905 898 2965 scribere
923 2925 987 2964 non
1012 2903 1152 2983 potuisse
1180 2925 1278 2966 nemo

201 3006 297 3068 tacite
321 3005 445 3066 dixerit.
489 3005 587 3083 Quod
608 3005 632 3064 si
656 3015 762 3065 autem
785 3005 871 3084 apud
891 3001 1110 3065 ,Menandrum
1133 3001 1279 3065 Chaerea

204 3124 269 3166 noo
293 3103 502 3164 convenisset
524 3105 555 3163 iu
572 3123 676 3166 ‚scena
692 3100 926 3184 Antiphonem,
944 3102 995 3160 cui
1010 3120 1060 3159 res
1079 3101 1166 3159 intus
1176 3108 1278 3189 gestas

203 3221 339 3265 narrare
360 3211 487 3282 posset,
523 3199 676 3281 equidem
710 3221 775 3258 non
804 3200 969 3281 perspicio
1002 3197 1090 3257 unde
1124 3216 1279 3259 uumerus

201 3301 312 3385 viginti
337 3300 484 3382 quinque
506 3318 658 3358 versuum
683 3298 897 3380 quiTerentii
922 3296 1051 3378 proprii
1076 3295 1140 3354 sint
1161 3293 1280 3356 confici

96 3444 99 3449 -
202 3400 314 3483 possit.
359 3399 450 3474 Quae
473 3398 559 3456 enim
582 3397 724 3478 Antipho
747 3397 834 3457 sotus
858 3395 992 3468 nectit,
1012 3394 1110 3456 suiV
1133 3396 1283 3476 toquitur

204 3505 261 3559 aut
290 3496 427 3556 omnino
458 3501 514 3553 aut
545 3516 658 3576 magua
692 3515 727 3554 ex
759 3501 853 3573 parte
882 3512 900 3552 e
934 3492 1179 3553 fonte.Graeco
1202 3490 1282 3572 quin

204 3592 411 3657 manaverint
432 3613 502 3652 mea
527 3591 657 3674 quidem
681 3591 839 3652 sententia
854 3589 994 3650 dubitari
1016 3592 1141 3673 nequit;
1165 3589 1284 3672 quibus

205 3701 313 3755 autem
344 3711 441 3752 scena
473 3690 619 3772 prosimu
653 3711 837 3750 sermonem
867 3687 1010 3750 Chaerea
1035 3688 1219 3771 distinguit,
1255 3689 1282 3747 si

207 3789 392 3851 discesseris
414 3802 430 3848 a
453 3811 482 3848 v.
504 3789 635 3862 9-15‚
667 3808 718 3849 ea*
736 3788 806 3848 fere
836 3786 965 3848 duobus
995 3786 1139 3847 tribusve
1174 3784 1284 3845 verbis

208 3895 376 3962 constant,
413 3885 519 3970 qualia
554 3895 646 3950 sunt:
677 3888 739 3947 Aia
763 3887 823 3946 tu?
862 3887 949 3970 Quid
967 3886 1004 3947 id
1022 3886 1093 3945 est?
1133 3882 1287 3942 Pro-›Eu-

209 3985 355 4045 nuchon?
385 3985 491 4045 Maior
514 3985 619 4046 sideri
633 3987 734 4068 possit
747 3981 914 4047 difficultas
931 3984 1008 4045 inde
1021 3982 1171 4044 exsistere
1183 3979 1284 4063 qnod,

208 4083 235 4144 si
259 4081 402 4164 Antipho
425 4082 512 4166 apud
530 4084 748 4146 Menandrum
770 4085 803 4144 in
826 4104 924 4146 scena
949 4104 1015 4144 uon
1037 4079 1284 4162 comparuisset,
