2722 4642
653 182 702 252 58

611 272 752 289 ψ

139 370 178 412 su
198 371 280 433 nepo
300 371 341 412 ue
358 352 467 416 erurs'rs
487 360 551 422 re)
570 368 709 435 mmque
728 351 925 436 scripturum
942 355 1012 440 ipse
1033 363 1161 445 recepit
1182 366 1215 427 in

140 447 321 511 verborum
342 457 539 510 contextum
583 447 716 511 Servius
736 450 778 512 ed
800 451 888 536 Virg.
911 456 994 517 Aen.
1016 456 1069 536 Vi,
1090 461 1151 529 544
1182 472 1218 526 et

136 546 234 609 Μαι.
258 546 349 607 Veiiu
379 546 480 631 eiugg.
504 547 555 621 ΙΙΙ,
577 568 607 609 c.
631 554 671 618 28
700 550 774 611 tuiiu
802 550 899 633 queis
928 561 977 614 est
998 555 1214 640 Virgiiieuum

138 642 196 704 tc.
218 665 257 704 ne
275 645 362 704 saevi
380 644 520 727 antiquis
541 655 575 707 et
596 648 701 728 poetis
724 648 821 732 magis
847 650 983 731 probata
1005 674 1074 717 esse
1096 666 1218 720 statne-

136 750 224 818 runt,
247 741 467 805 Ruhnkeuius
497 753 606 806 eutem
635 746 712 806 dict
746 747 788 808 ed
808 748 939 811 Phorm.
971 751 1024 827 tv,
1053 758 1084 828 3,
1114 759 1154 822 59
1181 763 1217 817 et

133 839 338 905 Burmannus
365 840 406 903 nd
429 841 523 903 ovid.
545 844 613 903 Art.
643 852 737 905 amitt.
771 847 792 922 Ι,
823 849 885 916 343
914 869 956 911 ne·
981 851 1086 913 clama
1116 854 1215 937 magis

135 937 474 1023 hrincmcrseqmm
497 963 533 1002 ue
554 940 669 1000 clarnos
690 946 1002 1026 pronuntiaverunt,
1016 949 1215 1013 incendem-

137 1056 201 1118 qus
224 1040 418 1100 sententium
439 1038 569 1120 scripsit
589 1038 757 1119 Zumptius
781 1040 889 1101 Grom.
903 1045 972 1105 Lot.
996 1067 1026 1127 p.
1038 1048 1101 1117 498
1121 1047 1213 1127 (edit.

138 1140 271 1210 ootuv.)=
293 1139 374 1209 ,Die
394 1140 501 1198 zweite
523 1137 643 1198 Persou
665 1138 758 1199 Pras.
782 1135 870 1215 Conj.
894 1145 1020 1221 negaret>
1038 1146 1082 1204 ist
1101 1148 1136 1205 ire
1156 1148 1217 1208 der

135 1233 471 1317 elassisrheudprochr
489 1234 685 1297 srursettenr
706 1237 870 1298 alsonirist
892 1239 1114 1315 reclames,
1135 1263 1213 1304 son-

134 1330 212 1392 ΑΜ
234 1351 296 1392 nur
315 1354 359 1393 ne
378 1332 506 1394 claena
528 1333 609 1394 noli
627 1335 829 1396 clamare»
869 1334 970 1397 Penio
994 1337 1087 1400 eiiter
1105 1359 1214 1421 nuper

136 1429 199 1489 bno
219 1428 260 1490 de
281 1450 320 1491 rc
341 1428 467 1490 Schola.
491 1451 625 1514 quoque
647 1432 818 1516 praecepit
846 1433 928 1494 But.
958 1434 1060 1496 critic.
1083 1457 1110 1494 u.
1134 1438 1214 1503 1843

135 1529 260 1610 &294-
302 1528 395 1588 Nunc
419 1548 484 1589 non
506 1529 539 1590 id
561 1551 636 1614 ego,
661 1539 697 1592 ut
717 1530 838 1592 horum
862 1532 1029 1593 neminem
1051 1533 1216 1596 nonsatis

136 1628 288 1686 eocurete
309 1645 348 1685 nc
368 1625 535 1688 subtiliter
558 1628 598 1690 de
622 1628 804 1711 imperativi
822 1639 855 1690 et
876 1629 1078 1692 coniunctivi
1100 1651 1159 1690 usu
1183 1639 1216 1692 et

136 1721 325 1783 discrimine
348 1726 555 1806 praecepisse
575 1726 817 1803 demonstrem,
842 1727 932 1810 quod
955 1727 987 1788 in
1011 1727 1216 1807 sepositum

136 1829 212 1896 ests
234 1827 344 1881 utrum
366 1822 509 1904 scriptor
530 1824 755 1886 vehementius
777 1833 810 1886 et
829 1824 948 1886 maiori
969 1845 1044 1886 oum
1066 1823 1097 1884 vi
1119 1822 1218 1906 quid.

137 1938 235 2001 quern
250 1917 320 1979 fieri
339 1928 434 1997 vetet,
451 1943 492 1982 eu
517 1921 622 1983 iccius
634 1923 794 2005 egendum
804 1932 944 2000 oenseet,
959 1904 1066 2004 neque
1076 1922 1217 1983 otiorum

138 2017 337 2100 scriptorum
359 2018 416 2099 qui
439 2019 472 2077 in
497 2019 560 2082 hoc
581 2040 704 2102 genere
738 2041 812 2080 usus
843 2021 944 2079 fuerit
974 2016 1216 2098 exquirendum

137 2114 319 2175 nihinuuc
329 2117 501 2197 proposui;
517 2116 574 2177 sed
585 2120 658 2177 sutis
670 2116 774 2177 heisco
787 2117 884 2197 ipsius
896 2114 1044 2176 Terentii
1054 2114 1216 2174 rationem

136 2219 263 2275 tentum
286 2212 419 2288 hebere,
442 2221 475 2275 et
496 2221 546 2274 tot
566 2215 636 2274 eius
659 2214 748 2275 iocos
770 2213 887 2275 efferre
905 2212 993 2273 unde
1015 2219 1125 2295 putent
1145 2230 1217 2275 eum

138 2310 333 2394 scriptorem
354 2332 422 2377 esse
447 2311 672 2394 recipiendum
692 2333 776 2395 quoe
791 2312 909 2375 tuciori
928 2310 1089 2372 librorum
1103 2316 1219 2370 ructo-

139 2411 237 2470 ritcte
262 2408 520 2485 commendetur,
545 2430 652 2493 neque
676 2411 836 2471 orationis
859 2416 1014 2471 contextu
1037 2407 1218 2468 reiioietur.

139 2506 230 2568 Dixit
259 2507 358 2592 igitur
390 2529 428 2568 ue
456 2528 493 2567 ue
539 2509 667 2609 ,Ande
695 2510 733 2583 ΙΙ,
758 2513 787 2586 3,
812 2513 870 2580 10;
905 2509 1018 2569 Heout.
1042 2507 1094 2581 ΙΙΙ,
1126 2507 1156 2578 3,
1176 2508 1219 2575 3,

136 2603 269 2666 Pisorrn.
294 2605 330 2680 V,
351 2609 381 2681 3,
408 2611 463 2674 uus
522 2604 645 2666 ''saevi
665 2606 765 2667 Andr.
795 2607 833 2679 V,
857 2615 886 2681 -2,
910 2611 967 2675 973
1001 2625 1039 2664 ne
1059 2605 1167 2663 crucia
1189 2615 1219 2663 te

138 2701 220 2762 Eun.
246 2703 266 2778 Ι,
289 2709 318 2778 9,
343 2709 398 2774 153
421 2726 458 2764 nr
479 2706 622 2767 lacrumre
645 2726 681 2765 ur
703 2711 795 2766 retice
817 2725 981 2764 reverere
1003 2702 1117 2761 Henut.
1141 2701 1167 2772 Ι,
1190 2707 1220 2770 l,

140 2803 181 2868 852
195 2803 291 2870 et333
315 2802 477 2862 nectarus
498 2803 694 2877 Phorle,
718 2809 747 2878 3,
770 2805 819 2869 39.
863 2801 927 2862 Sed
947 2798 1044 2859 Andr.
1068 2797 1121 2870 tv,
1141 2797 1222 2870 450

143 2920 179 2989 pr
209 2921 256 2960 me
284 2901 428 2980 attingas
435 2924 445 2968 ;
476 2900 558 2960 Eun.
583 2903 620 2977 ΙΙ,
642 2906 671 2976 3,
695 2905 751 2969 97:
774 2921 881 2960 verrem
911 2920 947 2958 ne
967 2908 1042 2980 post
1070 2893 1221 2972 conseras

143 2998 269 3080 culpam
289 3001 322 3056 in
343 3019 408 3066 me,-
428 2997 507 3058 ibid.
522 3000 558 3073 V,
581 3005 611 3075 5,
637 3005 690 3068 18:
714 3001 785 3058 itere
805 3018 842 3057 ue
862 3017 909 3057 me
937 3006 1063 3076 spectes.
1109 2991 1219 3072 {tuque

141 3115 216 3157 oum
241 3094 303 3154 huo
324 3095 458 3160 accedet
480 3096 568 3178 quod
592 3096 672 3156 iliud
696 3118 733 3156 ue
753 3116 882 3177 gravere
903 3090 1028 3176 ciiquid
1051 3109 1218 3150 commen·

140 3191 281 3254 (lotionis
305 3191 368 3254 hoc
392 3190 465 3252 ioco
488 3194 527 3253 ab
558 3214 592 3253 so
622 3203 655 3253 et
675 3193 716 3253 ab
738 3191 908 3253 soboiiostu
940 3207 1074 3272 quoque
1101 3182 1220 3266 occipit

141 3289 197 3372 qui
219 3287 408 3351 adnotavits
434 3295 492 3350 tue
516 3296 549 3350 tc
571 3288 736 3350 difficiiem
760 3288 985 3372 praebeas»
1007 3283 1070 3344 hoc
1093 3280 1221 3366 prucio-

143 3386 295 3450 rendum·
308 3406 436 3448 censeo.

204 3481 252 3562 20)
275 3485 422 3544 Faernus
446 3483 476 3543 in
502 3482 590 3543 libro
612 3483 771 3547 Bembino
794 3480 953 3561 scripturn
983 3496 1051 3539 esse
1083 3495 1223 3536 reccessur

142 3603 163 3642 v
182 3586 222 3650 28
239 3580 359 3642 diserte
383 3587 416 3641 et
438 3580 534 3663 piane
558 3579 656 3643 fidem
679 3581 765 3641 iecit.
810 3580 845 3638 in
860 3575 1062 3636 scholiorum
1072 3569 1221 3632 Terentii

145 3678 309 3762 ferrugine
332 3676 414 3739 heco
436 3686 524 3738 sunts
551 3679 633 3739 'Nisi
657 3677 732 3760 quir
758 3694 889 3736 necesse
912 3674 989 3737 fuit:
1020 3689 1152 3733 necesse
1176 3675 1225 3727 est

143 3796 275 3838 nomen.
320 3775 394 3834 Nem
426 3796 565 3835 necessus
597 3777 728 3835 accersis
757 3782 790 3834 et
819 3773 987 3833 necessitas
1015 3777 1049 3829 et
1069 3786 1225 3826 necessum

144 3872 268 3935 tectum
290 3880 370 3933 est.»
411 3871 574 3938 Bentleius
605 3874 661 3953 qui
693 3872 734 3933 de
762 3870 825 3930 suis
858 3868 1029 3931 codicibus
1051 3861 1132 3924 nihii
1155 3880 1226 3922 rue·

144 3969 268 4035 morice
291 3968 436 4042 tradidit,
459 3969 503 4030 ite
525 3979 561 4031 ut
581 3969 767 4030 eBemisiuo
791 3966 851 4028 huc
873 3968 905 4026 io
919 3987 955 4027 re
968 3962 1142 4024 videantur
1156 3980 1234 4020 nou·

144 4064 323 4142 recedere,
347 4067 469 4133 muvuit
496 4089 649 4129 necessum
670 4089 744 4129 cum
775 4067 819 4127 itu
845 4085 942 4147 saepe
965 4059 1052 4144 opud
1073 4057 1226 4121 Pieutum
