2722 4642
604 213 745 316 ,aa

143 425 146 430 ·
197 362 608 458 Contrarium-Terentius
627 383 700 443 sine
723 381 824 444 dubio
847 389 984 442 secutus·
999 384 1138 447 estllrc.
1153 394 1216 449 act.

136 496 175 571 V,
198 513 241 556 sc.
263 495 293 559 3.
338 486 386 548 lbi
408 483 494 546 euim
514 486 608 551 7.,18
637 478 808 545 scholiasta
835 476 1021 542 adnotavit·
1059 482 1214 567 ”Reliqua

133 611 210 676 pars
227 583 414 671 argumenti
435 598 505 664 par
514 575 678 663 μονῳδίαν
700 585 891 647 narratur&
925 585 959 639 et
980 599 1008 638 v.
1032 584 1089 647 97,
1117 581 1215 647 sp„

135 689 227 750 vitati
249 683 412 746 consuluit
433 677 630 747 Terentius,
661 697 752 740 nam
754 676 794 734 io
818 675 943 736 Graeca
971 675 1053 738 hacc
1074 687 1216 761 aguntur

134 806 203 846 non
228 787 449 844 narrantum-³
484 774 595 837 Facile
623 782 738 834 tamen
761 780 897 854 possunt
927 775 1011 836 haec
1038 797 1216 860 perperam

135 881 316 964 intelligi,'
308 902 345 941 ιιι
366 893 504 959 eamque
527 872 630 954 accipi
653 869 849 932 sententiam
878 872 969 952 quasi
992 874 1214 956 Apollodoru,

135 979 343 1065 produxisset
363 972 570 1056 Pamphilum
591 969 836 1032 adolescentem
856 969 889 1027 ia
913 989 1043 1031 menam
1060 974 1129 1034 viai
1143 976 1215 1058 ple.

138 1071 238 1152 num,
271 1074 428 1137 arinulam
456 1073 488 1131 in
512 1068 613 1153 digito
635 1067 836 1144 habentem,
869 1087 968 1149 qoam
997 1069 1212 1136 Philumenae

136 1174 216 1235 dum
238 1174 272 1233 vi
291 1169 476 1253 comprimit
497 1167 700 1241 detraxerat,
733 1172 766 1225 et
791 1165 1043 1227 convenientem
1065 1172 1217 1232 merearis

136 1292 209 1334 cam
228 1269 436 1332 Bacchidem.
478 1266 545 1327 Sed
565 1285 637 1326 rem
658 1264 702 1325 ita
724 1285 741 1323 ιι
763 1272 860 1346 poeta
884 1265 1016 1326 Graeco
1034 1265 1215 1332 institutam

136 1391 206 1433 assa
225 1390 305 1454 qao
335 1367 443 1428 minus
471 1365 564 1425 nimis
594 1362 690 1424 facile
719 1381 758 1422 ac
787 1371 932 1425 temere
945 1363 1136 1426 credamus
1147 1389 1214 1430 non

137 1469 242 1580 solum
263 1466 370 1527 obstat
391 1462 475 1525 illud
497 1462 720 1531 Horatiauam
731 1459 836 1543 Epist
859 1459 900 1521 ad
921 1461 983 1522 Pis.
1008 1465 1067 1531 182
1088 1472 1190 1549 ιιῙιμ

776 1559 850 1618 Νοιι
869 1570 974 1618 tamen
994 1562 1081 1618 intus
1146 1598 1150 1604 -
1177 1600 1179 1604 ν

260 1664 369 1742 Dr'gna
389 1681 457 1740 gers
475 1680 601 1744 promes
622 1661 656 1717 iu
677 1675 814 1726 scenam,
836 1654 994 1737 multaque
1016 1656 1106 1717 tolles

212 1788 216 1795 ·
263 1761 316 1820 Ex
336 1759 435 1819 oculis
457 1777 538 1838 quae
558 1773 636 1813 mox
658 1765 768 1817 narret
779 1750 944 1831 facundia
961 1771 1145 1836 praesens,
1212 1786 1215 1791 ·

137 1855 197 1916 sed
226 1855 337 1914 multo
364 1852 462 1936 magis
493 1849 583 1933 qnod
614 1850 724 1911 omnia
755 1858 838 1910 ante-
861 1849 976 1910 decem
997 1851 1068 1912 sara
1090 1872 1217 1917 meuses

139 1952 224 2013 facta
246 1970 315 2011 esse
338 1948 418 2009 dicit
436 1946 570 2010 Bacchis
593 1948 660 2029 ipsa
681 1969 711 2008 v.
734 1949 794 2015 94.-
835 1945 901 2008 Sed
933 1966 974 2007 oe
1004 1947 1118 2030 longus
1138 1951 1217 2031 sim,

140 2067 224 2132 quae
241 2049 284 2107 sit
304 2046 485 2109 verborum
508 2045 699 2107 scholiastae
721 2044 880 2106 sententia
903 2051 994 2125 patet
1015 2046 1218 2111 ccicTnsc.

137 2146 229 2226 Disp.
247 2147 270 2221 l,
292 2145 321 2221 4,
343 2151 376 2213 8ι
404 2141 486 2205 »ssd
508 2164 574 2225 quo
588 2142 802 2204 ,commodius
816 2140 1061 2224 disputationes
1076 2155 1216 2209 nostrae

137 2243 361 2323 explicentur,
383 2243 427 2302 sie
450 2262 502 2302 eus
523 2246 703 2322 exponam,
727 2241 842 2323 quasi
863 2248 1014 2322 agatur
1042 2263 1105 2304 res
1136 2264 1216 2314 non

140 2338 252 2422 quasi
275 2345 509 2408 narretnr²;
533 2340 566 2397 'et
586 2336 627 2398 de
650 2339 742 2398 amic.
760 2339 789 2413 ·l,
811 2342 844 2404 3:
862 2338 965 2398 “Eius
988 2338 1216 2422 disputationis

138 2439 317 2500 sententias
339 2434 518 2497 maneriae
539 2433 691 2505 mandavi
722 2456 801 2517 quas
830 2434 864 2494 in
889 2435 952 2496 hoc
974 2435 1061 2498 libro
1084 2441 1219 2521 exposui

138 2555 215 2596 meo
247 2535 425 2604 arbitratu;
467 2534 674 2616 qnasi'enim
702 2534 788 2616 ipsos
820 2532 944 2594 induxi·
970 2532 1142 2617 loquentes
1176 2557 1218 2600 ue

139 2633 298 2715 iuquam
329 2638 364 2692 et
392 2631 532 2712 inquit
559 2631 685 2713 saepius
720 2632 1013 2713 interponeretur,
1052 2641 1150 2714 atque
1182 2643 1219 2695 ut

104 2781 110 2788 .
137 2737 296 2811 tanquam
317 2750 334 2789 a
352 2728 586 2811 ,praesentibus
606 2749 717 2790 coram
750 2728 864 2789 haberi
886 2749 994 2790 sermo
1016 2730 1219 2793 videretur.‘

137 2826 181 2888 Et
201 2826 374 2887 scholiasta
384 2826 603 2888 Terentianus
626 2825 744 2888 eodem
767 2826 868 2887 modo
886 2826 1018 2909 scripsit
1033 2828 1073 2889 ad
1082 2831 1216 2894 Terent.

137 2923 240 2986 Andr.
271 2925 294 2998 l,
327 2932 355 2997 1,
380 2933 417 2992 1:
454 2925 559 2986 »Haec
589 2945 686 2993 scena
717 2945 781 3005 pro
812 2925 996 3007 argumenti
1029 2929 1218 2993 narratione

139 3021 354 3102 proponitur,
376 3021 410 3078 iu
433 3041 496 3101 qua
519 3019 732 3082 fundamenta
755 3021 884 3082 fabulae
907 3022 1081 3100 iaciuntur,
1105 3026 1219 3089 utvir-

138 3124 209 3178 tuta
231 3123 413 3198 poetae-
434 3124 468 3177 et
487 3115 680 3200 periocham
702 3117 901 3179 comoediae
925 3121 1067 3202 populns
1088 3129 1217 3205 teneat,

139 3222 174 3274 ot
194 3235 260 3274 res
282 3215 343 3297 agi
366 3216 483 3298 magis
506 3235 624 3297 quam
655 3219 817 3278 narrari
852 3216 1072 3280 videatur».
1100 3224 1219 3305 spol.

139 3311 273 3372 lodorus
304 3313 404 3395 igitur
432 3314 559 3375 fecerat
596 3334 785 3377 sermonem
804 3315 906 3377 inter
932 3317 1146 3401 Pamphilum
1185 3333 1219 3387 at

140 3407 336 3469 Bacchidem
357 3412 401 3472 de
420 3411 460 3472 iis
483 3412 581 3474 rebus
611 3411 776 3491 habitum,
806 3434 891 3497 quae
912 3424 988 3477 ants
1011 3418 1126 3480 decem
1148 3422 1218 3486 fera

140 3524 268 3565 menses
290 3518 468 3581 evenerant
492 3508 549 3589 39).
1090 3534 1098 3541 ·

202 3602 372 3676 Quoniam·
390 3606 431 3667 ad
451 3607 539 3669 hunc
572 3608 681 3672 locum
707 3619 906 3692 perventum
928 3618 992 3688 est,
1015 3631 1097 3674 uon*
1117 3617 1217 3683 modo

141 3719 208 3759 non
232 3699 372 3762 alienum
393 3704 451 3764 sed
473 3709 692 3768 necessarium
713 3706 846 3770 videtur
868 3708 908 3770 de
932 3731 969 3771 ea
984 3732 1021 3772 re
1039 3713 1216 3795 aliquando

138 3814 308 3878 exponere
330 3800 364 3865 in
389 3821 451 3882 qua
473 3805 643 3866 maximum
667 3813 700 3864 et
721 3807 942 3889 gravissimum
964 3828 1078 3868 eornm
1098 3810 1219 3898 inqui.

138 3893 199 3955 hus
221 3905 339 3978 poetae
348 3899 470 3960 Latino
492 3902 616 3984 placuit
638 3897 805 3988 ἀρχέτυπα
827 3908 1000 3967 immutare
1012 3911 1217 3998 ctxefiugera

140 4011 240 4073 genus
260 3996 406 4077 positum
429 4007 485 4060 est.
528 4002 687 4064 Luscium
712 4004 812 4087 igitur
836 4002 1041 4066 Lanuvinum
1073 4006 1218 4078 veteram

138 4095 230 4160 illum
238 4103 414 4184 onetam
404 4124 440 4166 ru
450 4106 598 4172 Terentii
620 4107 753 4171 fabulis
761 4128 836 4171 cnm
857 4107 1010 4172 aliatum
1031 4110 1115 4173 illud
1130 4112 1218 4175 rita-
