<?xml version="1.0" encoding="UTF-8"?>
<!DOCTYPE html PUBLIC "-//W3C//DTD XHTML 1.0 Transitional//EN"
    "http://www.w3.org/TR/xhtml1/DTD/xhtml1-transitional.dtd">
<html xmlns="http://www.w3.org/1999/xhtml" xml:lang="en" lang="en">
 <head>
  <title>
</title>
<meta http-equiv="Content-Type" content="text/html;charset=utf-8" />
  <meta name='ocr-system' content='tesseract 3.04.00' />
  <meta name='ocr-capabilities' content='ocr_page ocr_carea ocr_par ocr_line ocrx_word'/>
</head>
<body>
  <div class='ocr_page' id='page_1' title='image "./derationequamte00kngoog_0008.png"; bbox 0 0 2722 4642; ppageno 0'>
   <div class='ocr_carea' id='block_1_1' title="bbox 97 877 1218 1795">
    <p class='ocr_par' dir='ltr' id='par_1_1' title="bbox 134 877 1217 1407">
     <span class='ocr_line' id='line_1_1' title="bbox 197 877 1217 1016; baseline -0.001 -24"><span class='ocrx_word' id='word_1_1' title='bbox 197 877 306 994; x_wconf 74' lang='lat' dir='ltr'><strong>Inter</strong></span> <span class='ocrx_word' id='word_1_2' title='bbox 339 955 451 1016; x_wconf 83' lang='lat' dir='ltr'><strong>magna</strong></span> <span class='ocrx_word' id='word_1_3' title='bbox 485 952 569 1015; x_wconf 88' lang='lat' dir='ltr'><strong>quae</strong></span> <span class='ocrx_word' id='word_1_4' title='bbox 603 931 721 992; x_wconf 91' lang='lat' dir='ltr'><strong>litteris</strong></span> <span class='ocrx_word' id='word_1_5' title='bbox 757 930 897 1011; x_wconf 82' lang='lat' dir='ltr'>antiquis</span> <span class='ocrx_word' id='word_1_6' title='bbox 928 930 1101 1011; x_wconf 80' lang='lat' dir='ltr'><strong>importata</strong></span> <span class='ocrx_word' id='word_1_7' title='bbox 1141 940 1217 992; x_wconf 85' lang='lat' dir='ltr'><strong>sunt</strong></span> 
     </span>
     <span class='ocr_line' id='line_1_2' title="bbox 139 1027 1215 1108; baseline -0.002 -16"><span class='ocrx_word' id='word_1_8' title='bbox 139 1031 335 1092; x_wconf 89' lang='lat' dir='ltr'><strong>detrimenta</strong></span> <span class='ocrx_word' id='word_1_9' title='bbox 366 1052 430 1092; x_wconf 92' lang='lat' dir='ltr'><strong>non</strong></span> <span class='ocrx_word' id='word_1_10' title='bbox 460 1029 575 1092; x_wconf 88' lang='lat' dir='ltr'><strong>ultimo</strong></span> <span class='ocrx_word' id='word_1_11' title='bbox 599 1031 678 1090; x_wconf 89' lang='lat' dir='ltr'><strong>mihi</strong></span> <span class='ocrx_word' id='word_1_12' title='bbox 702 1030 776 1088; x_wconf 90' lang='lat' dir='ltr'><strong>loco</strong></span> <span class='ocrx_word' id='word_1_13' title='bbox 800 1027 882 1088; x_wconf 91' lang='lat' dir='ltr'><strong>illud</strong></span> <span class='ocrx_word' id='word_1_14' title='bbox 908 1028 1101 1108; x_wconf 88' lang='lat' dir='ltr'><strong>ponendum</strong></span> <span class='ocrx_word' id='word_1_15' title='bbox 1124 1029 1215 1090; x_wconf 86' lang='lat' dir='ltr'><strong>vide-</strong></span> 
     </span>
     <span class='ocr_line' id='line_1_3' title="bbox 135 1126 1214 1212; baseline -0.003 -21"><span class='ocrx_word' id='word_1_16' title='bbox 135 1140 208 1207; x_wconf 85' lang='lat' dir='ltr'><strong>tur,</strong></span> <span class='ocrx_word' id='word_1_17' title='bbox 245 1129 333 1212; x_wconf 89' lang='lat' dir='ltr'><strong>quod</strong></span> <span class='ocrx_word' id='word_1_18' title='bbox 358 1151 399 1191; x_wconf 90' lang='lat' dir='ltr'><strong>ne</strong></span> <span class='ocrx_word' id='word_1_19' title='bbox 422 1152 486 1190; x_wconf 90' lang='lat' dir='ltr'><strong>una</strong></span> <span class='ocrx_word' id='word_1_20' title='bbox 509 1128 644 1211; x_wconf 90' lang='lat' dir='ltr'><strong>quidem</strong></span> <span class='ocrx_word' id='word_1_21' title='bbox 668 1126 852 1187; x_wconf 88' lang='lat' dir='ltr'><strong>fabularum</strong></span> <span class='ocrx_word' id='word_1_22' title='bbox 875 1127 1076 1184; x_wconf 88' lang='lat' dir='ltr'><strong>Graecarum</strong></span> <span class='ocrx_word' id='word_1_23' title='bbox 1110 1147 1214 1188; x_wconf 87' lang='lat' dir='ltr'><strong>novae</strong></span> 
     </span>
     <span class='ocr_line' id='line_1_4' title="bbox 135 1223 1212 1310; baseline -0.005 -21"><span class='ocrx_word' id='word_1_24' title='bbox 135 1250 217 1310; x_wconf 92' lang='lat' dir='ltr'><strong>quae</strong></span> <span class='ocrx_word' id='word_1_25' title='bbox 241 1229 362 1290; x_wconf 83' lang='lat' dir='ltr'><strong>dicitur</strong></span> <span class='ocrx_word' id='word_1_26' title='bbox 384 1227 574 1290; x_wconf 89' lang='lat' dir='ltr'><strong>comoediae</strong></span> <span class='ocrx_word' id='word_1_27' title='bbox 596 1234 665 1285; x_wconf 87' lang='lat' dir='ltr'><strong>tota</strong></span> <span class='ocrx_word' id='word_1_28' title='bbox 689 1233 721 1284; x_wconf 88' lang='lat' dir='ltr'><strong>et</strong></span> <span class='ocrx_word' id='word_1_29' title='bbox 744 1226 872 1306; x_wconf 75' lang='lat' dir='ltr'><strong>integra</strong></span> <span class='ocrx_word' id='word_1_30' title='bbox 904 1223 949 1282; x_wconf 89' lang='lat' dir='ltr'><strong>ad</strong></span> <span class='ocrx_word' id='word_1_31' title='bbox 968 1243 1027 1282; x_wconf 87' lang='lat' dir='ltr'><strong>nus</strong></span> <span class='ocrx_word' id='word_1_32' title='bbox 1050 1225 1212 1304; x_wconf 88' lang='lat' dir='ltr'><strong>pervenit.</strong></span> 
     </span>
     <span class='ocr_line' id='line_1_5' title="bbox 134 1320 1216 1407; baseline -0.002 -22"><span class='ocrx_word' id='word_1_33' title='bbox 134 1327 247 1407; x_wconf 82' lang='lat' dir='ltr'>Neque</span> <span class='ocrx_word' id='word_1_34' title='bbox 269 1335 378 1385; x_wconf 92' lang='lat' dir='ltr'><strong>tamen</strong></span> <span class='ocrx_word' id='word_1_35' title='bbox 401 1333 577 1405; x_wconf 89' lang='lat' dir='ltr'><strong>poetarum</strong></span> <span class='ocrx_word' id='word_1_36' title='bbox 610 1323 665 1405; x_wconf 93' lang='lat' dir='ltr'><strong>qui</strong></span> <span class='ocrx_word' id='word_1_37' title='bbox 697 1324 730 1381; x_wconf 92' lang='lat' dir='ltr'><strong>iu</strong></span> <span class='ocrx_word' id='word_1_38' title='bbox 764 1321 827 1381; x_wconf 86' lang='lat' dir='ltr'><strong>hoc</strong></span> <span class='ocrx_word' id='word_1_39' title='bbox 854 1341 976 1403; x_wconf 77' lang='lat' dir='ltr'><strong>genere</strong></span> <span class='ocrx_word' id='word_1_40' title='bbox 1000 1320 1216 1382; x_wconf 82' lang='lat' dir='ltr'><strong>elaborarunt</strong></span> 
     </span>
    </p>

    <p class='ocr_par' dir='ltr' id='par_1_2' title="bbox 97 1414 1218 1795">
     <span class='ocr_line' id='line_1_6' title="bbox 97 1414 1217 1504; baseline -0.001 -22"><span class='ocrx_word' id='word_1_41' title='bbox 97 1456 101 1468; x_wconf 93' lang='lat'>·</span> <span class='ocrx_word' id='word_1_42' title='bbox 136 1443 293 1482; x_wconf 86' lang='lat' dir='ltr'><strong>numerus</strong></span> <span class='ocrx_word' id='word_1_43' title='bbox 305 1414 502 1504; x_wconf 76' lang='lat' dir='ltr'><strong>perexiguus</strong></span> <span class='ocrx_word' id='word_1_44' title='bbox 515 1421 576 1480; x_wconf 87' lang='lat' dir='ltr'><strong>fuit</strong></span> <span class='ocrx_word' id='word_1_45' title='bbox 591 1421 625 1497; x_wconf 79' lang='lat'><strong>¹),</strong></span> <span class='ocrx_word' id='word_1_46' title='bbox 648 1431 681 1481; x_wconf 90' lang='lat' dir='ltr'><strong>et</strong></span> <span class='ocrx_word' id='word_1_47' title='bbox 702 1440 765 1502; x_wconf 89' lang='lat' dir='ltr'><strong>pro</strong></span> <span class='ocrx_word' id='word_1_48' title='bbox 788 1441 821 1478; x_wconf 90' lang='lat' dir='ltr'><strong>se</strong></span> <span class='ocrx_word' id='word_1_49' title='bbox 844 1420 984 1500; x_wconf 86' lang='lat' dir='ltr'><strong>quisque</strong></span> <span class='ocrx_word' id='word_1_50' title='bbox 1008 1419 1217 1481; x_wconf 83' lang='lat' dir='ltr'><strong>sabulassatis</strong></span> 
     </span>
     <span class='ocr_line' id='line_1_7' title="bbox 135 1517 1216 1604; baseline 0 -26"><span class='ocrx_word' id='word_1_51' title='bbox 135 1520 419 1600; x_wconf 65' lang='lat' dir='ltr'><strong>multas&#39;scripsit.</strong></span> <span class='ocrx_word' id='word_1_52' title='bbox 476 1518 522 1578; x_wconf 90' lang='lat' dir='ltr'><strong>Ut</strong></span> <span class='ocrx_word' id='word_1_53' title='bbox 551 1539 667 1580; x_wconf 89' lang='lat' dir='ltr'><strong>eorum</strong></span> <span class='ocrx_word' id='word_1_54' title='bbox 691 1526 825 1604; x_wconf 86' lang='lat' dir='ltr'><strong>tantum</strong></span> <span class='ocrx_word' id='word_1_55' title='bbox 858 1537 940 1597; x_wconf 91' lang='lat' dir='ltr'><strong>quos</strong></span> <span class='ocrx_word' id='word_1_56' title='bbox 977 1519 1136 1599; x_wconf 86' lang='lat' dir='ltr'><strong>Anonym.</strong></span> <span class='ocrx_word' id='word_1_57' title='bbox 1174 1517 1216 1579; x_wconf 88' lang='lat' dir='ltr'><strong>de</strong></span> 
     </span>
     <span class='ocr_line' id='line_1_8' title="bbox 108 1607 1218 1698; baseline -0.004 -21"><span class='ocrx_word' id='word_1_58' title='bbox 108 1660 110 1664; x_wconf 16' lang='grc' dir='ltr'><em>Α</em></span> <span class='ocrx_word' id='word_1_59' title='bbox 135 1611 602 1698; x_wconf 59' lang='lat' dir='ltr'><strong>comoed·praestantissimos</strong></span> <span class='ocrx_word' id='word_1_60' title='bbox 632 1607 1103 1694; x_wconf 50' lang='lat' dir='ltr'><strong>(tittoloymrcirobglnominat</strong></span> <span class='ocrx_word' id='word_1_61' title='bbox 1124 1635 1218 1673; x_wconf 89' lang='lat' dir='ltr'><strong>men-</strong></span> 
     </span>
     <span class='ocr_line' id='line_1_9' title="bbox 133 1711 1216 1795; baseline -0.002 -22"><span class='ocrx_word' id='word_1_62' title='bbox 133 1713 258 1774; x_wconf 79' lang='lat' dir='ltr'><strong>tionem</strong></span> <span class='ocrx_word' id='word_1_63' title='bbox 282 1715 414 1774; x_wconf 86' lang='lat' dir='ltr'><strong>laciam:</strong></span> <span class='ocrx_word' id='word_1_64' title='bbox 439 1713 635 1795; x_wconf 75' lang='lat' dir='ltr'><strong>Apollodori</strong></span> <span class='ocrx_word' id='word_1_65' title='bbox 658 1714 797 1794; x_wconf 82' lang='lat' dir='ltr'><strong>Carystii</strong></span> <span class='ocrx_word' id='word_1_66' title='bbox 825 1712 891 1770; x_wconf 88' lang='lat' dir='ltr'><strong>sive</strong></span> <span class='ocrx_word' id='word_1_67' title='bbox 915 1711 1119 1770; x_wconf 85' lang='lat' dir='ltr'><strong>Atheniensis</strong></span> <span class='ocrx_word' id='word_1_68' title='bbox 1143 1713 1216 1771; x_wconf 84' lang='lat' dir='ltr'><strong>lue-</strong></span> 
     </span>
    </p>
   </div>
   <div class='ocr_carea' id='block_1_2' title="bbox 131 1808 1223 3953">
    <p class='ocr_par' dir='ltr' id='par_1_3' title="bbox 131 1808 1223 2652">
     <span class='ocr_line' id='line_1_10' title="bbox 134 1808 1214 1889; baseline -0.006 -17"><span class='ocrx_word' id='word_1_69' title='bbox 134 1820 214 1872; x_wconf 83' lang='lat' dir='ltr'><strong>runt</strong></span> <span class='ocrx_word' id='word_1_70' title='bbox 236 1811 365 1872; x_wconf 79' lang='lat' dir='ltr'><strong>fabulae</strong></span> <span class='ocrx_word' id='word_1_71' title='bbox 387 1811 506 1872; x_wconf 91' lang='lat' dir='ltr'><strong>XLVll</strong></span> <span class='ocrx_word' id='word_1_72' title='bbox 529 1812 571 1888; x_wconf 70' lang='grc'><strong>2),</strong></span> <span class='ocrx_word' id='word_1_73' title='bbox 594 1809 719 1889; x_wconf 86' lang='lat' dir='ltr'><strong>Diphili</strong></span> <span class='ocrx_word' id='word_1_74' title='bbox 742 1810 766 1869; x_wconf 91' lang='lat' dir='ltr'>C</span> <span class='ocrx_word' id='word_1_75' title='bbox 792 1808 834 1888; x_wconf 68' lang='grc' dir='ltr'><strong>ὃ),</strong></span> <span class='ocrx_word' id='word_1_76' title='bbox 857 1808 1030 1867; x_wconf 82' lang='lat' dir='ltr'><strong>Menandri</strong></span> <span class='ocrx_word' id='word_1_77' title='bbox 1054 1808 1152 1867; x_wconf 90' lang='lat' dir='ltr'><strong>CVlll</strong></span> <span class='ocrx_word' id='word_1_78' title='bbox 1175 1809 1214 1887; x_wconf 73' lang='lat' dir='ltr'><strong>l),</strong></span> 
     </span>
     <span class='ocr_line' id='line_1_11' title="bbox 134 1900 1223 1990; baseline -0.004 -21"><span class='ocrx_word' id='word_1_79' title='bbox 134 1900 336 1969; x_wconf 85' lang='lat' dir='ltr'><strong>Philemonis</strong></span> <span class='ocrx_word' id='word_1_80' title='bbox 359 1909 476 1969; x_wconf 86' lang='lat' dir='ltr'><strong>XCVll</strong></span> <span class='ocrx_word' id='word_1_81' title='bbox 500 1908 539 1985; x_wconf 75' lang='grc'><strong>5),</strong></span> <span class='ocrx_word' id='word_1_82' title='bbox 561 1907 767 1990; x_wconf 87' lang='lat' dir='ltr'><strong>Philippidae</strong></span> <span class='ocrx_word' id='word_1_83' title='bbox 789 1906 877 1968; x_wconf 86' lang='lat' dir='ltr'><strong>XLV</strong></span> <span class='ocrx_word' id='word_1_84' title='bbox 902 1903 943 1986; x_wconf 76' lang='grc' dir='ltr'><strong>ὑ),</strong></span> <span class='ocrx_word' id='word_1_85' title='bbox 966 1905 1132 1987; x_wconf 90' lang='lat' dir='ltr'><strong>Posidippi</strong></span> <span class='ocrx_word' id='word_1_86' title='bbox 1151 1907 1223 1966; x_wconf 91' lang='lat' dir='ltr'><strong>eir--</strong></span> 
     </span>
     <span class='ocr_line' id='line_1_12' title="bbox 134 2005 1217 2086; baseline -0.002 -20"><span class='ocrx_word' id='word_1_87' title='bbox 134 2006 216 2066; x_wconf 89' lang='lat' dir='ltr'><strong>citer</strong></span> <span class='ocrx_word' id='word_1_88' title='bbox 228 2007 322 2065; x_wconf 90' lang='lat' dir='ltr'><strong>XXX</strong></span> <span class='ocrx_word' id='word_1_89' title='bbox 337 2007 375 2083; x_wconf 78' lang='grc'><strong>7)</strong></span> <span class='ocrx_word' id='word_1_90' title='bbox 420 2005 481 2067; x_wconf 90' lang='lat' dir='ltr'><strong>Sed</strong></span> <span class='ocrx_word' id='word_1_91' title='bbox 507 2005 624 2066; x_wconf 89' lang='lat' dir='ltr'><strong>harum</strong></span> <span class='ocrx_word' id='word_1_92' title='bbox 646 2006 802 2080; x_wconf 89' lang='lat' dir='ltr'><strong>omnium,</strong></span> <span class='ocrx_word' id='word_1_93' title='bbox 822 2025 1010 2086; x_wconf 89' lang='lat' dir='ltr'><strong>quanquam</strong></span> <span class='ocrx_word' id='word_1_94' title='bbox 1024 2025 1087 2064; x_wconf 90' lang='lat' dir='ltr'><strong>non</strong></span> <span class='ocrx_word' id='word_1_95' title='bbox 1099 2025 1217 2084; x_wconf 85' lang='lat' dir='ltr'><strong>paucas</strong></span> 
     </span>
     <span class='ocr_line' id='line_1_13' title="bbox 133 2101 1216 2186; baseline 0 -24"><span class='ocrx_word' id='word_1_96' title='bbox 133 2103 227 2162; x_wconf 85' lang='lat' dir='ltr'><strong>fuisse</strong></span> <span class='ocrx_word' id='word_1_97' title='bbox 249 2102 348 2179; x_wconf 89' lang='lat' dir='ltr'><strong>vides,</strong></span> <span class='ocrx_word' id='word_1_98' title='bbox 372 2103 452 2163; x_wconf 92' lang='lat' dir='ltr'><strong>nihil</strong></span> <span class='ocrx_word' id='word_1_99' title='bbox 475 2105 539 2164; x_wconf 90' lang='lat' dir='ltr'><strong>iam</strong></span> <span class='ocrx_word' id='word_1_100' title='bbox 553 2105 803 2186; x_wconf 69' lang='lat' dir='ltr'><strong>nisi-reliquias</strong></span> <span class='ocrx_word' id='word_1_101' title='bbox 825 2101 979 2185; x_wconf 88' lang='lat' dir='ltr'><strong>quasdam</strong></span> <span class='ocrx_word' id='word_1_102' title='bbox 1001 2103 1118 2162; x_wconf 84' lang='lat' dir='ltr'><strong>misere</strong></span> <span class='ocrx_word' id='word_1_103' title='bbox 1132 2103 1216 2162; x_wconf 90' lang='lat' dir='ltr'><strong>adeo</strong></span> 
     </span>
     <span class='ocr_line' id='line_1_14' title="bbox 131 2200 1216 2283; baseline 0 -23"><span class='ocrx_word' id='word_1_104' title='bbox 131 2201 328 2283; x_wconf 80' lang='lat' dir='ltr'><strong>plerumque</strong></span> <span class='ocrx_word' id='word_1_105' title='bbox 351 2201 476 2262; x_wconf 88' lang='lat' dir='ltr'><strong>habitas</strong></span> <span class='ocrx_word' id='word_1_106' title='bbox 506 2223 675 2283; x_wconf 85' lang='lat' dir='ltr'><strong>superesse</strong></span> <span class='ocrx_word' id='word_1_107' title='bbox 707 2210 756 2261; x_wconf 89' lang='lat' dir='ltr'><strong>est</strong></span> <span class='ocrx_word' id='word_1_108' title='bbox 787 2222 863 2261; x_wconf 88' lang='lat' dir='ltr'><strong>sane</strong></span> <span class='ocrx_word' id='word_1_109' title='bbox 897 2200 985 2282; x_wconf 86' lang='lat' dir='ltr'><strong>quod</strong></span> <span class='ocrx_word' id='word_1_110' title='bbox 1019 2201 1150 2275; x_wconf 85' lang='lat' dir='ltr'><strong>doleas,</strong></span> <span class='ocrx_word' id='word_1_111' title='bbox 1182 2209 1216 2262; x_wconf 89' lang='lat' dir='ltr'><strong>et</strong></span> 
     </span>
     <span class='ocr_line' id='line_1_15' title="bbox 134 2299 1218 2385; baseline 0.002 -29"><span class='ocrx_word' id='word_1_112' title='bbox 134 2299 232 2385; x_wconf 81' lang='lat' dir='ltr'><strong>magis</strong></span> <span class='ocrx_word' id='word_1_113' title='bbox 255 2299 353 2358; x_wconf 35' lang='lat' dir='ltr'><strong>etiam⁸</strong></span> <span class='ocrx_word' id='word_1_114' title='bbox 371 2300 441 2359; x_wconf 89' lang='lat' dir='ltr'><strong>sine</strong></span> <span class='ocrx_word' id='word_1_115' title='bbox 465 2299 567 2360; x_wconf 89' lang='lat' dir='ltr'><strong>dubio</strong></span> <span class='ocrx_word' id='word_1_116' title='bbox 591 2299 727 2375; x_wconf 84' lang='lat' dir='ltr'><strong>dolebis,</strong></span> <span class='ocrx_word' id='word_1_117' title='bbox 752 2299 778 2360; x_wconf 88' lang='lat' dir='ltr'><strong>si</strong></span> <span class='ocrx_word' id='word_1_118' title='bbox 801 2319 867 2359; x_wconf 90' lang='lat' dir='ltr'><strong>nou</strong></span> <span class='ocrx_word' id='word_1_119' title='bbox 890 2307 1079 2380; x_wconf 91' lang='lat' dir='ltr'><strong>temporum</strong></span> <span class='ocrx_word' id='word_1_120' title='bbox 1092 2299 1218 2380; x_wconf 89' lang='lat' dir='ltr'><strong>iniqui-</strong></span> 
     </span>
     <span class='ocr_line' id='line_1_16' title="bbox 133 2388 1217 2479; baseline 0.002 -25"><span class='ocrx_word' id='word_1_121' title='bbox 133 2404 233 2456; x_wconf 86' lang='lat' dir='ltr'><strong>tatem</strong></span> <span class='ocrx_word' id='word_1_122' title='bbox 263 2388 371 2478; x_wconf 87' lang='lat' dir='ltr'><strong>neque</strong></span> <span class='ocrx_word' id='word_1_123' title='bbox 401 2398 565 2457; x_wconf 89' lang='lat' dir='ltr'><strong>inimicam</strong></span> <span class='ocrx_word' id='word_1_124' title='bbox 597 2397 759 2479; x_wconf 87' lang='lat' dir='ltr'><strong>quandam</strong></span> <span class='ocrx_word' id='word_1_125' title='bbox 788 2397 873 2471; x_wconf 86' lang='lat' dir='ltr'><strong>vim,</strong></span> <span class='ocrx_word' id='word_1_126' title='bbox 906 2396 963 2456; x_wconf 82' lang='lat' dir='ltr'><strong>sed</strong></span> <span class='ocrx_word' id='word_1_127' title='bbox 996 2397 1217 2476; x_wconf 86' lang='lat' dir='ltr'><strong>importunam</strong></span> 
     </span>
     <span class='ocr_line' id='line_1_17' title="bbox 134 2493 1219 2576; baseline 0.002 -25"><span class='ocrx_word' id='word_1_128' title='bbox 134 2493 290 2574; x_wconf 87' lang='lat' dir='ltr'><strong>pietatem</strong></span> <span class='ocrx_word' id='word_1_129' title='bbox 315 2494 409 2554; x_wconf 90' lang='lat' dir='ltr'><strong>nobis</strong></span> <span class='ocrx_word' id='word_1_130' title='bbox 432 2494 586 2556; x_wconf 87' lang='lat' dir='ltr'><strong>invidisse</strong></span> <span class='ocrx_word' id='word_1_131' title='bbox 616 2504 652 2555; x_wconf 89' lang='lat' dir='ltr'><strong>et</strong></span> <span class='ocrx_word' id='word_1_132' title='bbox 673 2495 829 2576; x_wconf 87' lang='lat' dir='ltr'><strong>eripuisse</strong></span> <span class='ocrx_word' id='word_1_133' title='bbox 852 2493 932 2554; x_wconf 87' lang='lat' dir='ltr'><strong>haec</strong></span> <span class='ocrx_word' id='word_1_134' title='bbox 954 2494 1077 2576; x_wconf 82' lang='lat' dir='ltr'><strong>ingenii</strong></span> <span class='ocrx_word' id='word_1_135' title='bbox 1101 2515 1219 2554; x_wconf 91' lang='lat' dir='ltr'><strong>monu-</strong></span> 
     </span>
     <span class='ocr_line' id='line_1_18' title="bbox 134 2591 439 2652; baseline 0.007 -2"><span class='ocrx_word' id='word_1_136' title='bbox 134 2599 242 2651; x_wconf 81' lang='lat' dir='ltr'><strong>mento</strong></span> <span class='ocrx_word' id='word_1_137' title='bbox 265 2591 439 2652; x_wconf 85' lang='lat' dir='ltr'><strong>audiveris.</strong></span> 
     </span>
    </p>

    <p class='ocr_par' dir='ltr' id='par_1_4' title="bbox 133 2644 1222 3847">
     <span class='ocr_line' id='line_1_19' title="bbox 194 2644 1216 2773; baseline 0 -25"><span class='ocrx_word' id='word_1_138' title='bbox 194 2690 426 2772; x_wconf 84' lang='lat' dir='ltr'><strong>AByzantinis</strong></span> <span class='ocrx_word' id='word_1_139' title='bbox 449 2691 537 2751; x_wconf 89' lang='lat' dir='ltr'><strong>enim</strong></span> <span class='ocrx_word' id='word_1_140' title='bbox 559 2690 751 2752; x_wconf 83' lang='lat' dir='ltr'><strong>Caesaribus</strong></span> <span class='ocrx_word' id='word_1_141' title='bbox 779 2709 853 2748; x_wconf 91' lang='lat' dir='ltr'><strong>cum</strong></span> <span class='ocrx_word' id='word_1_142' title='bbox 887 2644 1076 2773; x_wconf 48' lang='lat' dir='ltr'><strong>instont</strong></span> <span class='ocrx_word' id='word_1_143' title='bbox 1106 2709 1216 2748; x_wconf 92' lang='lat' dir='ltr'><strong>sacer-</strong></span> 
     </span>
     <span class='ocr_line' id='line_1_20' title="bbox 136 2784 1215 2870; baseline -0.001 -25"><span class='ocrx_word' id='word_1_144' title='bbox 136 2784 228 2845; x_wconf 90' lang='lat' dir='ltr'><strong>dotes</strong></span> <span class='ocrx_word' id='word_1_145' title='bbox 257 2788 322 2870; x_wconf 82' lang='lat' dir='ltr'><strong>igni</strong></span> <span class='ocrx_word' id='word_1_146' title='bbox 354 2787 462 2849; x_wconf 89' lang='lat' dir='ltr'><strong>deleta</strong></span> <span class='ocrx_word' id='word_1_147' title='bbox 495 2808 564 2848; x_wconf 88' lang='lat' dir='ltr'><strong>esse</strong></span> <span class='ocrx_word' id='word_1_148' title='bbox 594 2787 697 2848; x_wconf 89' lang='lat' dir='ltr'><strong>tradit</strong></span> <span class='ocrx_word' id='word_1_149' title='bbox 727 2787 844 2847; x_wconf 90' lang='lat' dir='ltr'><strong>Petrus</strong></span> <span class='ocrx_word' id='word_1_150' title='bbox 876 2785 1054 2868; x_wconf 87' lang='lat' dir='ltr'><strong>Alcyonius</strong></span> <span class='ocrx_word' id='word_1_151' title='bbox 1086 2788 1140 2867; x_wconf 85' lang='lat' dir='ltr'><strong>qui</strong></span> <span class='ocrx_word' id='word_1_152' title='bbox 1173 2787 1215 2845; x_wconf 86' lang='lat' dir='ltr'><strong>ita</strong></span> 
     </span>
     <span class='ocr_line' id='line_1_21' title="bbox 133 2883 1219 2966; baseline -0.001 -21"><span class='ocrx_word' id='word_1_153' title='bbox 133 2883 265 2949; x_wconf 79' lang='lat' dir='ltr'><strong>scribitt</strong></span> <span class='ocrx_word' id='word_1_154' title='bbox 297 2886 496 2945; x_wconf 66' lang='lat' dir='ltr'><strong>‘Audiebam</strong></span> <span class='ocrx_word' id='word_1_155' title='bbox 518 2886 613 2946; x_wconf 88' lang='lat' dir='ltr'><strong>etiam</strong></span> <span class='ocrx_word' id='word_1_156' title='bbox 635 2905 719 2966; x_wconf 90' lang='lat' dir='ltr'><strong>puer</strong></span> <span class='ocrx_word' id='word_1_157' title='bbox 741 2905 778 2944; x_wconf 84' lang='lat' dir='ltr'><strong>ex</strong></span> <span class='ocrx_word' id='word_1_158' title='bbox 799 2885 969 2944; x_wconf 88' lang='lat' dir='ltr'><strong>Demetrio</strong></span> <span class='ocrx_word' id='word_1_159' title='bbox 992 2883 1219 2966; x_wconf 86' lang='lat' dir='ltr'><strong>Chalcondyla</strong></span> 
     </span>
     <span class='ocr_line' id='line_1_22' title="bbox 137 2980 1218 3063; baseline 0.004 -26"><span class='ocrx_word' id='word_1_160' title='bbox 137 2980 337 3040; x_wconf 87' lang='lat' dir='ltr'><strong>Graecarum</strong></span> <span class='ocrx_word' id='word_1_161' title='bbox 365 3003 478 3040; x_wconf 89' lang='lat' dir='ltr'><strong>rerum</strong></span> <span class='ocrx_word' id='word_1_162' title='bbox 508 2982 705 3063; x_wconf 87' lang='lat' dir='ltr'><strong>peritissimo</strong></span> <span class='ocrx_word' id='word_1_163' title='bbox 737 2981 921 3041; x_wconf 88' lang='lat' dir='ltr'><strong>sacerdotes</strong></span> <span class='ocrx_word' id='word_1_164' title='bbox 952 2984 1096 3040; x_wconf 85' lang='lat' dir='ltr'><strong>Graecos</strong></span> <span class='ocrx_word' id='word_1_165' title='bbox 1127 2990 1218 3041; x_wconf 85' lang='lat' dir='ltr'><strong>tanta</strong></span> 
     </span>
     <span class='ocr_line' id='line_1_23' title="bbox 135 3071 1222 3160; baseline 0.005 -26"><span class='ocrx_word' id='word_1_166' title='bbox 135 3075 284 3137; x_wconf 85' lang='lat' dir='ltr'><strong>floruisse</strong></span> <span class='ocrx_word' id='word_1_167' title='bbox 307 3078 502 3139; x_wconf 79' lang='lat' dir='ltr'><strong>auctoritate</strong></span> <span class='ocrx_word' id='word_1_168' title='bbox 525 3078 611 3160; x_wconf 90' lang='lat' dir='ltr'><strong>apud</strong></span> <span class='ocrx_word' id='word_1_169' title='bbox 634 3079 786 3137; x_wconf 88' lang='lat' dir='ltr'><strong>Caesares</strong></span> <span class='ocrx_word' id='word_1_170' title='bbox 809 3077 1013 3159; x_wconf 86' lang='lat' dir='ltr'><strong>Byzantinos,</strong></span> <span class='ocrx_word' id='word_1_171' title='bbox 1036 3085 1072 3136; x_wconf 90' lang='lat' dir='ltr'><strong>ut</strong></span> <span class='ocrx_word' id='word_1_172' title='bbox 1089 3071 1222 3160; x_wconf 79' lang='lat' dir='ltr'><strong>integra-</strong></span> 
     </span>
     <span class='ocr_line' id='line_1_24' title="bbox 134 3174 1213 3258; baseline 0.004 -26"><span class='ocrx_word' id='word_1_173' title='bbox 134 3174 268 3234; x_wconf 86' lang='lat' dir='ltr'><strong>illorum</strong></span> <span class='ocrx_word' id='word_1_174' title='bbox 296 3178 398 3258; x_wconf 80' lang='lat' dir='ltr'><strong>gratia</strong></span> <span class='ocrx_word' id='word_1_175' title='bbox 433 3177 602 3258; x_wconf 90' lang='lat' dir='ltr'><strong>complura</strong></span> <span class='ocrx_word' id='word_1_176' title='bbox 633 3176 673 3236; x_wconf 92' lang='lat' dir='ltr'><strong>de</strong></span> <span class='ocrx_word' id='word_1_177' title='bbox 703 3175 868 3236; x_wconf 87' lang='lat' dir='ltr'><strong>veteribus</strong></span> <span class='ocrx_word' id='word_1_178' title='bbox 900 3176 1034 3235; x_wconf 87' lang='lat' dir='ltr'><strong>Graecis</strong></span> <span class='ocrx_word' id='word_1_179' title='bbox 1063 3187 1213 3258; x_wconf 87' lang='lat' dir='ltr'><strong>poemata</strong></span> 
     </span>
     <span class='ocr_line' id='line_1_25' title="bbox 136 3273 1219 3357; baseline 0.004 -26"><span class='ocrx_word' id='word_1_180' title='bbox 136 3273 383 3351; x_wconf 86' lang='lat' dir='ltr'><strong>combusserint,</strong></span> <span class='ocrx_word' id='word_1_181' title='bbox 408 3273 634 3357; x_wconf 85' lang='lat' dir='ltr'><strong>imprimisque</strong></span> <span class='ocrx_word' id='word_1_182' title='bbox 657 3297 693 3335; x_wconf 91' lang='lat' dir='ltr'><strong>ea</strong></span> <span class='ocrx_word' id='word_1_183' title='bbox 716 3275 774 3335; x_wconf 92' lang='lat' dir='ltr'><strong>ubi</strong></span> <span class='ocrx_word' id='word_1_184' title='bbox 796 3294 925 3335; x_wconf 89' lang='lat' dir='ltr'><strong>amores</strong></span> <span class='ocrx_word' id='word_1_185' title='bbox 949 3283 1062 3355; x_wconf 89' lang='lat' dir='ltr'><strong>turpes</strong></span> <span class='ocrx_word' id='word_1_186' title='bbox 1085 3273 1171 3334; x_wconf 87' lang='lat' dir='ltr'><strong>lusus</strong></span> <span class='ocrx_word' id='word_1_187' title='bbox 1185 3285 1219 3335; x_wconf 85' lang='lat' dir='ltr'><strong>et</strong></span> 
     </span>
     <span class='ocr_line' id='line_1_26' title="bbox 136 3356 1214 3452; baseline 0.006 -27"><span class='ocrx_word' id='word_1_188' title='bbox 136 3370 302 3449; x_wconf 87' lang='lat' dir='ltr'><strong>nequitiae</strong></span> <span class='ocrx_word' id='word_1_189' title='bbox 326 3372 503 3432; x_wconf 87' lang='lat' dir='ltr'><strong>amantium</strong></span> <span class='ocrx_word' id='word_1_190' title='bbox 528 3356 808 3448; x_wconf 58' lang='lat' dir='ltr'><strong>continebantur,</strong></span> <span class='ocrx_word' id='word_1_191' title='bbox 834 3380 931 3452; x_wconf 90' lang='lat' dir='ltr'><strong>atque</strong></span> <span class='ocrx_word' id='word_1_192' title='bbox 963 3371 1007 3430; x_wconf 93' lang='lat' dir='ltr'><strong>ita</strong></span> <span class='ocrx_word' id='word_1_193' title='bbox 1040 3373 1214 3432; x_wconf 83' lang='lat' dir='ltr'><strong>Menandri</strong></span> 
     </span>
     <span class='ocr_line' id='line_1_27' title="bbox 134 3462 1215 3551; baseline 0.006 -27"><span class='ocrx_word' id='word_1_194' title='bbox 134 3462 261 3546; x_wconf 86' lang='lat' dir='ltr'><strong>Diphili</strong></span> <span class='ocrx_word' id='word_1_195' title='bbox 284 3468 479 3548; x_wconf 87' lang='lat' dir='ltr'><strong>Apollodori</strong></span> <span class='ocrx_word' id='word_1_196' title='bbox 501 3469 702 3529; x_wconf 89' lang='lat' dir='ltr'><strong>Philemonis</strong></span> <span class='ocrx_word' id='word_1_197' title='bbox 725 3470 832 3531; x_wconf 85' lang='lat' dir='ltr'><strong>Alexis</strong></span> <span class='ocrx_word' id='word_1_198' title='bbox 855 3469 999 3543; x_wconf 84' lang='lat' dir='ltr'><strong>fabellas,</strong></span> <span class='ocrx_word' id='word_1_199' title='bbox 1023 3469 1215 3551; x_wconf 88' lang='lat' dir='ltr'><strong>etSapphus</strong></span> 
     </span>
     <span class='ocr_line' id='line_1_28' title="bbox 134 3558 1215 3645; baseline 0.005 -23"><span class='ocrx_word' id='word_1_200' title='bbox 134 3563 281 3622; x_wconf 88' lang='lat' dir='ltr'><strong>Erinnae</strong></span> <span class='ocrx_word' id='word_1_201' title='bbox 304 3569 503 3627; x_wconf 86' lang='lat' dir='ltr'><strong>Anacreonti</strong></span> <span class='ocrx_word' id='word_1_202' title='bbox 535 3567 727 3645; x_wconf 85' lang='lat' dir='ltr'><strong>¹Mimnermi</strong></span> <span class='ocrx_word' id='word_1_203' title='bbox 748 3567 860 3627; x_wconf 89' lang='lat' dir='ltr'><strong>Bionis</strong></span> <span class='ocrx_word' id='word_1_204' title='bbox 883 3558 1046 3627; x_wconf 73' lang='lat' dir='ltr'><strong>Alelnanis</strong></span> <span class='ocrx_word' id='word_1_205' title='bbox 1070 3569 1215 3629; x_wconf 87' lang='lat' dir='ltr'><strong>carmina</strong></span> 
     </span>
     <span class='ocr_line' id='line_1_29' title="bbox 135 3656 1215 3748; baseline 0.009 -31"><span class='ocrx_word' id='word_1_206' title='bbox 135 3661 359 3738; x_wconf 83' lang='lat' dir='ltr'><strong>intercidisse,</strong></span> <span class='ocrx_word' id='word_1_207' title='bbox 393 3674 504 3747; x_wconf 89' lang='lat' dir='ltr'><strong>tump</strong></span> <span class='ocrx_word' id='word_1_208' title='bbox 543 3656 546 3661; x_wconf 41' lang='lat'>¹</span> <span class='ocrx_word' id='word_1_209' title='bbox 578 3665 627 3725; x_wconf 91' lang='lat' dir='ltr'><strong>his</strong></span> <span class='ocrx_word' id='word_1_210' title='bbox 650 3667 820 3745; x_wconf 88' lang='lat' dir='ltr'><strong>substituta</strong></span> <span class='ocrx_word' id='word_1_211' title='bbox 843 3666 1009 3725; x_wconf 87' lang='lat' dir='ltr'><strong>Naziazeni</strong></span> <span class='ocrx_word' id='word_1_212' title='bbox 1032 3675 1215 3748; x_wconf 69' lang='lat' dir='ltr'><strong>poemata’)</strong></span> 
     </span>
     <span class='ocr_line' id='line_1_30' title="bbox 136 3754 837 3847; baseline 0.006 -31"><span class='ocrx_word' id='word_1_213' title='bbox 136 3757 230 3817; x_wconf 86' lang='lat' dir='ltr'><strong>Conf.</strong></span> <span class='ocrx_word' id='word_1_214' title='bbox 255 3759 281 3817; x_wconf 90' lang='lat' dir='ltr'>F</span> <span class='ocrx_word' id='word_1_215' title='bbox 285 3760 384 3820; x_wconf 90' lang='lat' dir='ltr'><strong>abric.</strong></span> <span class='ocrx_word' id='word_1_216' title='bbox 407 3763 487 3822; x_wconf 90' lang='lat' dir='ltr'><strong>Bibl.</strong></span> <span class='ocrx_word' id='word_1_217' title='bbox 513 3766 627 3835; x_wconf 56' lang='lat' dir='ltr'><strong>Graec.</strong></span> <span class='ocrx_word' id='word_1_218' title='bbox 652 3754 744 3847; x_wconf 51' lang='lat' dir='ltr'><strong>lss‘pp.</strong></span> <span class='ocrx_word' id='word_1_219' title='bbox 766 3765 837 3831; x_wconf 74' lang='grc'><strong>460.</strong></span> 
     </span>
    </p>

    <p class='ocr_par' dir='ltr' id='par_1_5' title="bbox 196 3854 1215 3953">
     <span class='ocr_line' id='line_1_31' title="bbox 196 3854 1215 3953; baseline 0.013 -42"><span class='ocrx_word' id='word_1_220' title='bbox 196 3854 278 3916; x_wconf 91' lang='lat' dir='ltr'><strong>Sunt</strong></span> <span class='ocrx_word' id='word_1_221' title='bbox 300 3879 376 3919; x_wconf 88' lang='lat' dir='ltr'><strong>sane</strong></span> <span class='ocrx_word' id='word_1_222' title='bbox 401 3860 535 3941; x_wconf 89' lang='lat' dir='ltr'><strong>quidem</strong></span> <span class='ocrx_word' id='word_1_223' title='bbox 566 3860 689 3925; x_wconf 86' lang='lat' dir='ltr'><strong>dehac</strong></span> <span class='ocrx_word' id='word_1_224' title='bbox 713 3882 748 3920; x_wconf 89' lang='lat' dir='ltr'><strong>re</strong></span> <span class='ocrx_word' id='word_1_225' title='bbox 772 3862 828 3942; x_wconf 91' lang='lat' dir='ltr'><strong>qui</strong></span> <span class='ocrx_word' id='word_1_226' title='bbox 853 3882 910 3921; x_wconf 91' lang='lat' dir='ltr'><strong>nos</strong></span> <span class='ocrx_word' id='word_1_227' title='bbox 934 3860 1098 3953; x_wconf 72' lang='lat' dir='ltr'><strong>consplari</strong></span> <span class='ocrx_word' id='word_1_228' title='bbox 1120 3883 1215 3943; x_wconf 88' lang='lat' dir='ltr'><strong>posse</strong></span> 
     </span>
    </p>
   </div>
   <div class='ocr_carea' id='block_1_3' title="bbox 137 3946 1354 4071">
    <p class='ocr_par' dir='ltr' id='par_1_6' title="bbox 137 3946 1354 4071">
     <span class='ocr_line' id='line_1_32' title="bbox 137 3946 1354 4071; baseline 0.009 -61"><span class='ocrx_word' id='word_1_229' title='bbox 137 3952 338 4032; x_wconf 84' lang='lat' dir='ltr'><strong>opinentur,</strong></span> <span class='ocrx_word' id='word_1_230' title='bbox 372 3978 446 4016; x_wconf 90' lang='lat' dir='ltr'><strong>cum</strong></span> <span class='ocrx_word' id='word_1_231' title='bbox 476 3959 582 4018; x_wconf 91' lang='lat' dir='ltr'><strong>Plauti</strong></span> <span class='ocrx_word' id='word_1_232' title='bbox 615 3946 649 4019; x_wconf 70' lang='lat' dir='ltr'><strong>&#39;et</strong></span> <span class='ocrx_word' id='word_1_233' title='bbox 677 3960 828 4024; x_wconf 88' lang='lat' dir='ltr'><strong>Terentii</strong></span> <span class='ocrx_word' id='word_1_234' title='bbox 858 3967 984 4020; x_wconf 84' lang='lat' dir='ltr'><strong>exstent</strong></span> <span class='ocrx_word' id='word_1_235' title='bbox 1014 3957 1142 4019; x_wconf 81' lang='lat' dir='ltr'><strong>fabulae</strong></span> <span class='ocrx_word' id='word_1_236' title='bbox 1174 3959 1214 4020; x_wconf 92' lang='lat' dir='ltr'><strong>ad</strong></span> <span class='ocrx_word' id='word_1_237' title='bbox 1275 3985 1281 3991; x_wconf 95' lang='lat'>·</span> <span class='ocrx_word' id='word_1_238' title='bbox 1312 3976 1354 4071; x_wconf 42' lang='lat' dir='ltr'><strong>*a</strong></span> 
     </span>
    </p>
   </div>
   <div class='ocr_carea' id='block_1_4' title="bbox 134 4050 1250 4177">
    <p class='ocr_par' dir='ltr' id='par_1_7' title="bbox 134 4050 1250 4177">
     <span class='ocr_line' id='line_1_33' title="bbox 134 4050 1250 4177; baseline 0.008 -67"><span class='ocrx_word' id='word_1_239' title='bbox 134 4050 322 4135; x_wconf 89' lang='lat' dir='ltr'><strong>principum</strong></span> <span class='ocrx_word' id='word_1_240' title='bbox 343 4064 518 4138; x_wconf 85' lang='lat' dir='ltr'><strong>poetarum</strong></span> <span class='ocrx_word' id='word_1_241' title='bbox 541 4057 746 4125; x_wconf 69' lang='lat' dir='ltr'><strong>Graecorun</strong></span> <span class='ocrx_word' id='word_1_242' title='bbox 775 4057 920 4140; x_wconf 81' lang='lat' dir='ltr'><strong>exempla</strong></span> <span class='ocrx_word' id='word_1_243' title='bbox 946 4055 1090 4177; x_wconf 61' lang='lat' dir='ltr'><strong>fideliter</strong></span> <span class='ocrx_word' id='word_1_244' title='bbox 1120 4079 1216 4119; x_wconf 89' lang='lat' dir='ltr'><strong>accu-</strong></span> <span class='ocrx_word' id='word_1_245' title='bbox 1244 4128 1250 4141; x_wconf 44' lang='grc' dir='ltr'>Ι</span> 
     </span>
    </p>
   </div>
   <div class='ocr_carea' id='block_1_5' title="bbox 0 0 1369 4642">
    <p class='ocr_par' dir='ltr' id='par_1_8' title="bbox 0 0 1369 4642">
     <span class='ocr_line' id='line_1_34' title="bbox 0 0 1369 4642; baseline 0 0"><span class='ocrx_word' id='word_1_246' title='bbox 0 0 1369 4642; x_wconf 95' lang='lat' dir='ltr'><strong> </strong></span> 
     </span>
    </p>
   </div>
  </div>
 </body>
</html>
