2722 4642
664 194 689 270 8

607 286 750 304 -ι-

139 371 230 456 qnasi
251 360 489 432 adumbrarem·
511 363 566 449 ἐ)
607 363 711 430 Nullis
739 374 855 431 autem
871 370 939 432 eius
962 370 1011 434 rei
1033 374 1168 458 gravior
1186 383 1222 438 et

140 469 258 531 iratior
277 467 382 528 adfuit
402 486 498 526 causa
514 486 619 548 quam
639 466 745 546 poetis
767 467 912 529 c‘omicis.

144 577 177 607 '³'
196 564 408 628 Comoediam
430 565 517 625 enim
538 563 756 625 imitationem
780 567 867 627 ritae
887 568 1058 649 specuium
1080 589 1220 631 eonsue-

137 662 260 725 tudinis
282 683 350 724 esse
371 684 446 724 curn
468 661 586 723 Cicero
618 670 651 722 et
672 661 736 723 iam
756 671 851 726 antea
873 665 983 726 Livius
1005 666 1216 728 Andronicus

137 760 312 838 direrint,v
329 761 355 821 si
385 754 467 821 fides.
495 759 721 842 scriptori-de
752 762 915 824 comoedia
950 783 989 845 p.·
1012 764 1096 825 LVii
1128 764 1218 847 apud

135 859 346 920 Westerbov.
368 858 413 940 (p.‘
434 858 511 918 XVI
533 857 609 918 edit
623 857 755 936 Klete),
777 861 917 922 Romani
938 870 1146 944 spectatores,
1157 864 1217 946 qui

136 951 208 1018 iere
231 967 280 1018 e‘st
300 957 350 1016 sui
372 964 557 1016 etsuarum
579 956 699 1038 cuique
721 976 844 1018 rerum·
867 979 974 1039 amor,
1002 959 1090 1021 haud
1104 961 1217 1021 ‘inviti

135 1056 296 1117 ridentur
317 1055 399 1136 passi
423 1074 491 1114 esse
514 1062 629 1135 poetas
651 1054 857 1137 palliatarum
878 1054 931 1134 (de
955 1057 1008 1118 bis
1028 1057 1104 1118 sotis
1127 1069 1216 1120 nunc

136 1153 186 1239 agi
209 1173 277 1214 non
301 1161 349 1213 est
371 1151 461 1234 quod
483 1152 603 1229 dicam)
632 1153 718 1216 miro
748 1151 890 1235 quodam
912 1154 1069 1230 artificio,
1102 1176 1217 1238 quam-

70 1315 71 1318 *
136 1272 233 1334 quam
255 1250 288 1309 iu
313 1249 481 1311 Graecia
472 1270 540 1361 ipsa
560 1254 617 1310 aut
637 1245 773 1313 Graecis
794 1251 907 1312 saitem
928 1252 1065 1313 urbibus
1088 1253 1214 1313 tabutas

137 1348 187 1432 agi
216 1347 385 1424 volebant,
415 1348 533 1429 passim
555 1347 677 1409 Romae
703 1349 794 1410 vicos
817 1349 881 1410 vias
903 1351 1118 1434 magistratus
1115 1370 1216 1410 com-

133 1465 333 1523 memorare,
355 1446 505 1508 homines
528 1446 583 1528 qui
605 1433 774 1527 prodeunt
794 1466 831 1507 ea
854 1468 922 1511 nou
945 1469 1022 1509 raro
1036 1448 1213 1510 sentientes
1307 1516 1310 1522 Δ

136 1552 171 1604 et
200 1543 345 1604 dicentes
379 1545 507 1620 facere,
542 1552 590 1604 ut
608 1565 678 1604 non
711 1545 855 1605 Graecos
885 1546 1002 1605 Latine
1039 1544 1214 1627 loquentes

135 1643 377 1724 repraesentari
400 1642 503 1720 dicas,
533 1635 636 1702 sed
619 1642 729 1702 omnia
759 1664 853 1724 pura·
872 1651 951 1724 puta
986 1662 1055 1702 esse
1087 1641 1211 1700 Latina.

134 1741 178 1803 Et
198 1741 231 1800 in
253 1740 315 1800 bac
337 1740 470 1822 quidem
493 1762 529 1802 re
552 1741 682 1801 Plautus
698 1760 827 1811 ¹summa
850 1740 919 1802 iere
934 1739 1214 1800 ‘licentiaTeren-

135 1838 198 1898 tius
220 1838 323 1897 multo
346 1837 524 1899 modestius
546 1846 690 1900 versatus
713 1831 763 1900 est¹
783 1847 880 1921 atque
903 1841 965 1915 ita,
998 1845 1035 1897 ut
1054 1836 1159 1919 prima
1182 1841 1215 1897 et

136 1956 259 1996 summa
282 1936 336 1996 iiia
361 1937 409 1997 lex
431 1958 515 2018 qnae
537 1937 570 1996 iu
595 1937 744 1996 omnibus
767 1936 806 1997 ab
830 1946 900 1998 arte
922 1935 1081 2017 profectis
1104 1929 1217 2015 operi-

135 2033 195 2094 bus
217 2042 331 2116 regne-t
353 2054 484 2094 necesse
508 2043 565 2110 est,
588 2043 621 2094 et
643 2035 682 2094 ab
705 2034 841 2095 Horatio
865 2034 959 2114 (A.P.
981 2054 1012 2093 v.
1034 2035 1089 2114 23)
1109 2028 1216 2114 poetis

137 2151 270 2214 quoquc
292 2132 493 2242 praescripta
516 2140 572 2207 est,
596 2140 722 2192 servata
744 2133 793 2192 sit.

197 2230 239 2288 At
254 2230 325 2310 quis
347 2227 474 2306 dixerit,
498 2250 561 2293 cur
577 2237 696 2312 poetae
719 2249 815 2325 saepe
836 2228 944 2311 palam
964 2227 1159 2311 profitentes
1182 2222 1216 2285 id

137 2325 198 2387 sibi
218 2328 329 2409 negoti
351 2347 420 2387 esse
442 2327 567 2410 populo
589 2336 626 2388 ut
646 2328 819 2411 placerent
831 2348 910 2410 quas
924 2326 1079 2388 fecissent
1090 2323 1215 2385 fabulas

135 2425 238 2504 (conf.
260 2425 394 2486 Terent.
417 2427 505 2506 proi.
526 2425 638 2489 Andr.
652 2438 686 2488 et
705 2421 856 2499 Eunucb.
880 2425 990 2504 init.)-‚
1004 2425 1031 2484 si
1052 2425 1217 2500 Romanos

136 2543 174 2584 ea
195 2522 303 2585 teneri
325 2522 502 2605 cupiditate
530 2546 567 2586 ac
597 2524 704 2587 studio
735 2523 897 2596 sciebant,
921 2522 1124 2583 Graecorum
1147 2543 1217 2581 ma-

135 2620 271 2682 luerunt
292 2622 420 2703 vestigia
444 2623 665 2705 qualicunque
686 2620 784 2684 modo
807 2622 911 2704 sequi,
934 2641 1032 2703 quam
1047 2640 1116 2682 eam
1132 2638 1216 2702 quae

135 2719 180 2780 ita
201 2717 376 2779 videbatur
396 2719 448 2779 via
471 2722 646 2782 monstrari
667 2721 814 2803 ingredi?
849 2719 939 2781 Talia
961 2721 1090 2782 curiose
1114 2738 1216 2801 quae-

136 2815 224 2878 renti
246 2816 330 2876 iuira
352 2815 448 2897 plura
470 2819 629 2900 quaedam
652 2817 952 2899 respondebantur,
975 2827 1073 2901 atque
1095 2816 1127 2876 id
1151 2817 1216 2877 iam

136 2916 361 2998 unusquisque
385 2934 482 2996 spero
506 2917 580 2977 fore
603 2926 639 2978 ut
659 2917 776 2977 sentiat
806 2924 839 2976 et
868 2916 1031 2977 concedat
1050 2916 1218 2976 Romano·

136 3021 210 3074 rum
233 3015 424 3096 gravitatem
445 3015 495 3075 vir
513 3016 642 3093 tulisse,
677 3016 776 3075 uitam
808 3037 898 3077 ruam
931 3024 965 3075 et
989 3015 1151 3097 privatam
1182 3020 1216 3073 et

135 3111 299 3193 publicam
321 3134 339 3171 a
360 3113 477 3174 Plauto
497 3113 662 3175 Sarsinate
679 3134 747 3174 >nec
771 3115 875 3176 nobiti
898 3133 1018 3197 genere
1041 3121 1134 3182 nato,
1159 3116 1217 3165 aut

136 3208 296 3268 Terentio
318 3216 352 3268 et
372 3209 517 3270 Caecilio
548 3211 681 3293 captivis
711 3210 854 3271 fabulam
881 3211 952 3271 fieri
985 3209 1017 3266 in
1049 3206 1215 3284 risumque

136 3306 250 3365 verti¹
274 3304 371 3365 Atiud
395 3310 485 3367 enim
505 3316 554 3366 est
585 3307 624 3368 ab
653 3305 788 3368 humine
818 3305 961 3388 quodam
988 3309 1217 3386 argumentum

137 3402 328 3467 comoediae
351 3412 479 3485 petere,
499 3405 619 3466 aliud'
610 3428 642 3465 m
666 3412 859 3488 argumento
882 3400 1017 3463 aliunde
1039 3401 1144 3482 petito
1176 3420 1213 3461 ea

138 3520 223 3583 quae
246 3521 321 3561 eum
349 3500 481 3563 homine
513 3503 769 3608 quodammodo
791 3503 965 3565 coniuncta
986 3510 1063 3561 sunt
1092 3507 1218 3561 tantum

137 3599 315 3680 respicere.

197 3697 269 3756 Jam
291 3696 395 3757 oratio
421 3707 530 3761 nostra
563 3721 603 3763 eo
634 3700 773 3762 deducta
806 3707 854 3761 est
882 3707 920 3758 ut
950 3697 1073 3782 singula
1104 3715 1216 3778 perse-

138 3802 276 3876 quentes
298 3797 482 3858 accuratius
516 3799 648 3860 nobis
640 3800 808 3882 inquirere
831 3797 1000 3859 videamur
1025 3815 1119 3880 posse
1149 3812 1216 3874 quo

137 3891 238 3959 modo
260 3893 433 3978 Terentius
456 3897 658 3958 Graecornm
689 3897 843 3979 exemptis
865 3916 938 3957 usus
960 3895 1018 3966 sit3
1051 3910 1160 3974 neque
1182 3888 1216 3951 id

138 3988 252 4055 metius
276 3971 422 4054 arbitror
444 3994 658 4055 institutum'
650 4017 701 4071 m,
713 4016 810 4077 quam
831 4019 849 4056 a
871 4015 908 4057 re
931 3991 1218 4054 metricasiexor-
1290 4050 1294 4057 ,

137 4085 228 4149 diurn
250 4087 408 4172 capietur.
448 4093 551 4156 Nemo
574 4093 663 4157 enim
684 4114 758 4155 cum
779 4093 875 4157 facite
898 4090 1028 4167 dixerit,
1050 4085 1113 4148 niu
1103 4085 1217 4148 forte
