2722 4642
170 400 235 465 pro
257 377 431 441 comoedia
453 374 638 439 habebatur
658 397 696 437 re
719 372 795 439 sera
818 374 887 438 esse
908 372 1122 463 tragoediam
1146 388 1250 447 exitus

169 489 263 543 certe
279 470 519 562 ’τραγικώτερος
540 484 588 536 est
609 475 684 557 quia
702 473 903 546 Ranocratae
926 477 994 539 lilia
1015 489 1124 562 spreta
1146 484 1251 544 relin.

169 576 365 662 quitur-(V,
386 581 425 650 5,
451 578 488 644 17
510 574 600 656 sq.)·v
625 574 700 635 lloc
731 594 863 657 quoque
895 572 1139 640 normanno
1170 581 1251 642 dinei

170 684 290 759 potest,
314 676 476 736 Romanos
490 683 557 734 tam·
567 668 711 734 humano
724 682 757 734 et
767 672 858 734 molli
872 665 983 734 auimo
993 677 1102 753 fuisse,
1115 688 1149 740 ut
1160 680 1250 763 quod

170 773 541 854 Graeci-aequoanimo
563 780 748 853 spectarent
770 773 827 831 ie.
851 773 964 853 sperni
987 774 1143 859 virginem
1166 798 1251 860 quae

169 870 272 935 etmel
295 870 328 931 in
352 870 462 931 fabula
486 870 652 931 nominata
674 877 755 943 erat,
778 868 955 931 idLatinus
979 882 1076 954 poeta
1097 873 1253 936 crederet

170 990 239 1032 esse
263 968 484 1051 mitigandum.
530 965 624 1026 Vides
647 986 743 1048 quem
767 965 831 1028 hoc
852 968 894 1028 sit
914 969 1075 1031 absonum
1090 971 1249 1035 sedicem

171 1071 351 1151 ineptum)
373 1067 452 1127 Cum
464 1072 566 1125 lautas
590 1063 793 1126 difficultates
809 1064 891 1126 illud
912 1063 1143 1150 τραγικώτερον
1164 1079 1250 1130 attu-

172 1166 269 1241 lerit,
295 1166 427 1228 forsitan
453 1184 518 1224 non
545 1163 587 1223 ita
611 1163 796 1226 laboratum
819 1173 903 1225 esset
924 1166 955 1227 in
978 1168 1140 1248 scriptura
1169 1161 1258 1230 nino-³

170 1263 289 1327 &datos
310 1262 408 1345 quam
432 1282 497 1323 non
514 1261 592 1324 sine
611 1261 772 1324 codicum·
797 1265 991 1325 anctoritate
1024 1261 1152 1348 recepit
1172 1261 1259 1326 tin-1

109 1388 120 1405 ⁹
170 1361 368 1442 donbrogius
391 1359 541 1422 defendit
562 1362 865 1445 commendavitque
889 1362 1085 1425 Duebnerus
1109 1368 1143 1423 in
1166 1364 1247 1424 Seo—
1271 1427 1274 1434 ,

170 1460 261 1538 badii
295 1458 376 1519 Btbl.
406 1458 483 1519 Crit-
512 1479 539 1518 a.
565 1461 642 1526 1829
677 1480 708 1539 p.
730 1459 803 1528 478,
851 1459 917 1522 Sed
950 1456 1249 1543 υο-τραγικώτιρον

172 1557 305 1641 quidem
327 1557 351 1617 si
373 1558 408 1632 is,
431 1579 448 1617 a
472 1576 537 1640 quo
562 1558 625 1617 iam
647 1555 778 1638 pridem
798 1558 996 1639 promissum
1023 1568 1251 1640 persanatum·

173 1677 238 1741 que
262 1655 474 1716 vehementer
506 1664 728 1735 exspectamus
755 1653 980 1730 scholiastam,
1016 1655 1078 1714 hoc
1110 1678 1127 1714 a
1161 1657 1261 1715 libris·

172 1752 330 1814 maiorem
355 1753 476 1814 babere
501 1752 732 1814 auctoritatem
756 1753 908 1815 docuerit
937 1753 1154 1814 reiicienduna
1184 1773 1252 1812 esse

173 1853 329 1914 esistimo.
372 1853 596 1934 Neque-anim
622 1854 663 1912 ita
694 1872 770 1911 raro
794 1852 967 1912 scholiasta
997 1851 1094 1912 simili
1122 1850 1254 1911 dicendi

172 1968 296 2034 genere
319 1971 393 2010 usus
416 1958 472 2025 est,
498 1972 559 2012 uec
578 1971 678 2032 'quam
701 1951 731 2011 ei
757 1951 820 2012 vim
842 1950 1020 2013 subiecerit
1048 1951 1081 2009 in
1110 1943 1259 2010 obscuro

172 2055 228 2111 ost.
272 2047 366 2108 Conl.
388 2049 528 2110 Euenth.
548 2049 587 2108 dc
602 2049 745 2129 tragoed.
766 2063 795 2108 et
812 2071 888 2109 com.
903 2052 948 2130 (p.
960 2047 1037 2109 XlV
1053 2042 1103 2106 ed
1115 2046 1252 2122 Klotz->t

177 2145 283 2213 *Haec
313 2146 675 2219 cumartiliciosissima
698 2146 872 2206 Terentius
903 2146 1038 2218 fecerit,
1070 2153 1139 2202 tum
1170 2141 1255 2201 illud

175 2252 224 2305 est
244 2236 485 2318 admirandum,
509 2243 598 2325 quod
623 2254 657 2304 et
677 2265 802 2305 risorem
826 2243 965 2302 retinuit
991 2249 1028 2300 ut
1049 2237 1255 2300 comoediam

173 2340 344 2417 scriberet,
369 2350 402 2401 et
422 2343 615 2422 temperavit
638 2341 805 2415 allectum,
829 2362 866 2400 ne
886 2343 920 2400 iu
942 2338 1142 2419 tragoediam
1164 2353 1258 2399 tran·

175 2443 304 2502 sitiret*
346 2440 586 2522 Phorm.·psul.
612 2463 638 2500 v.
662 2449 699 2509 5:
727 2440 932 2522 ”Imperitum
955 2436 1081 2499 inducit
1103 2436 1258 2496 crimina-

174 2548 293 2614 torem,
317 2539 373 2621 qui
389 2540 460 2599 troc
482 2540 619 2599 obiiciat
643 2537 732 2620 quod
754 2538 931 2620 proprium
944 2536 1044 2597 debet
1058 2555 1125 2596 esse
1137 2535 1257 2596 comici

175 2638 250 2699 stili.
293 2640 340 2698 Re
362 2636 438 2698 nera
472 2646 580 2699 autem
605 2636 669 2696 hoe
700 2636 848 2697 deterior
870 2634 1056 2695 Menandro
1078 2633 1263 2694 Terentius·

177 2735 390 2809 indicabatur,
412 2735 502 2818 quod
526 2736 630 2795 minus
653 2734 781 2795 sublimi
804 2734 955 2794 oratione
980 2741 1140 2807 uteretur,
1163 2727 1255 2811 quod

179 2835 284 2916 ipsum
308 2853 396 2893 nunc
420 2840 536 2914 purgat
557 2832 669 2892 dicens
691 2836 725 2892 in
747 2832 917 2911 tragoedia
946 2831 1018 2911 (leg.
1042 2828 1256 2908 tragoediam)

177 2933 299 2993 altiora
322 2934 460 2993 transire
478 2939 602 3014 posse»
644 2924 783 3012 adelph.
807 2930 861 3005 lV,
885 2937 914 3004 9,
937 2935 971 2996 Ως
999 2922 1256 3008 *sapientissima

176 3029 349 3089 Terentius
373 3029 432 3089 etsi
455 3030 601 3109 proxima
626 3029 698 3090 villa
721 3037 786 3104 est,
819 3026 1039 3089 necessarlum
1069 3043 1182 3085 senem
1214 3019 1266 3081 ad·

178 3126 324 3208 reliquos
346 3137 438 3187 actus·
458 3128 586 3188 fabulae
610 3126 716 3186 noluit
737 3126 777 3186 ab
801 3125 885 3186 urbe
908 3122 1081 3185 discedere
1093 3138 1257 3205 personae

179 3225 291 3285 senilis
319 3247 454 3286 memor.
500 3228 576 3285 Nam
610 3235 642 3284 et
674 3223 812 3298 arduum
843 3223 952 3284 luerat
981 3220 1059 3282 dum
1081 3218 1195 3293 redit,
1220 3224 1262 3277 et

179 3321 382 3397 cruciabile,
425 3344 462 3382 ne
490 3324 666 3403 fatigatio·
688 3325 753 3382 eius
781 3323 815 3383 in
846 3319 1047 3397 tragoediam
1077 3310 1261 3378 transiret-'¹⁸

179 3425 291 3505 Neque
315 3421 435 3481 mirum
459 3440 526 3482 esse
551 3444 615 3483 non
641 3430 747 3501 potest
768 3419 859 3504 quod
872 3417 984 3481 lhnius
996 3415 1101 3476 haesit
1117 3416 1149 3475 in
1164 3413 1261 3505 schoa

181 3518 290 3581 liastae
314 3519 441 3585 verbis:
476 3519 555 3579 ”Has
579 3539 734 3601 personas
756 3517 930 3579 Terentius
959 3513 1087 3576 addidit
1121 3511 1259 3583 fabulae,

183 3640 257 3678 nam
281 3639 347 3678 uon
371 3626 446 3678 sunt
467 3617 553 3699 apud
577 3617 837 3679 Menandrum*-
868 3614 1002 3677 Charini
1026 3614 1113 3676 enirn
1129 3610 1263 3691 ‘etByr-

183 3715 276 3777 rhiae
300 3725 406 3799 partes
429 3738 503 3778 curu
525 3739 543 3777 e
565 3713 1118 3778 PerinthiaMenandritranslatae
1142 3713 1271 3778 essent,¹

184 3811 217 3874 id
240 3813 330 3896 quod
353 3813 462 3875 llinius
496 3816 564 3897 ipse
595 3824 685 3875 recte
716 3812 903 3895 perspexit,
939 3811 1115 3874 Terentius
1149 3804 1264 3885 ntique

183 3910 326 3972 Andriae
337 3913 483 3975 Graecae
508 3913 562 3974 has
586 3932 742 3995 personas
764 3909 920 3973 eddidit·
947 3911 987 3970 Et
1005 3904 1176 3970 scholiasta
1190 3920 1265 3960 cum

184 4007 217 4070 id
240 4008 310 4070 lere
335 4010 432 4072 faciat
453 4018 489 4071 ut
510 4011 756 4093 comparatione
779 4010 867 4070 inter
895 4014 1025 4092 poetam
1047 4007 1210 4066 Gnaeum
1234 4005 1268 4058 el

184 4108 334 4170 Latinum
356 4107 503 4172 instituta
537 4111 698 4172 rationem
713 4136 717 4141 ·
730 4112 869 4171 tantum·
885 4107 1005 4170 lrabeat
1034 4103 1103 4163 eius
1134 4095 1263 4160 fabulae
