2722 4642
613 163 759 319 Qu,

146 392 207 476 qni¹
223 387 377 459 dubitare
399 383 512 466 possis,
523 382 605 463 quin
625 379 673 440 sle
693 399 739 440 re
756 379 919 461 gravari
944 379 1000 440 hic
1023 388 1117 441 recte
1137 378 1230 443 diea-

145 500 210 565 tur‚
231 495 267 550 et
288 482 418 568 quidni,
429 479 625 563 praesertim
644 498 664 537 a
684 475 857 537 scholiasta
875 476 948 537 cias
967 478 1084 536 aetatis
1103 497 1192 559 quae
1208 501 1229 539 a

144 586 311 648 maiorum
324 577 481 662 loquendi
502 597 566 636 usu
585 573 1002 647 iammultumrecesseut,
1021 573 1071 634 sle
1091 575 1229 656 aliqua

148 705 196 755 re.
212 679 375 766 grunni
395 678 421 735 is
443 673 509 735 dici
531 674 642 754 possit,
663 670 717 730 cui
738 670 905 730 molestiae
924 681 1066 752 propter
1085 671 1231 753 aliqu·

148 801 222 841 rem
250 777 459 847 afferuntur,
496 777 534 829 ut
564 767 767 849 praepositio
802 766 855 827 ‹le
882 768 1163 850 pemlgatissima
1197 769 1230 828 ai

148 875 300 959 praedita
319 873 353 933 id
376 869 539 952 significet
560 865 649 948 quod
667 865 825 925 Germani
847 864 966 925 dicut
985 867 1024 926 iu
1045 865 1233 928 {linietis

146 976 232 1050 aul,
256 975 294 1037 iu
318 965 545 1033 Riseksicht
563 963 652 1024 aul?
690 963 806 1029 Simile
826 963 1231 1046 utiqueestqaodlatini

147 1071 267 1141 ⁴dicunt
287 1077 322 1130 et
341 1088 426 1129 rem
452 1073 487 1127 et
506 1083 551 1124 re
579 1069 614 1123 et
632 1061 684 1122 sle
704 1083 749 1123 re
769 1060 933 1138 dolere,
959 1063 1159 1144 conqueri
1181 1059 1231 1123 ds

147 1167 300 1229 iniuria
329 1172 364 1227 et
390 1162 568 1222 iniurias
594 1159 814 1221 saevitiam
834 1160 920 1219 vim.
960 1160 1233 1241 AtqueGraeca.

145 1285 220 1326 rum
240 1255 371 1344 ἀπορεῖν
389 1254 498 1333 τιινὸς,Ι
510 1253 591 1332 rirs',
609 1278 643 1329 rs
663 1257 697 1316 i·
718 1256 1234 1338 comparationemmihiridetar

146 1370 223 1444 apte
252 1360 367 1425 venire
395 1377 505 1440 posse.
546 1354 626 1415 Sola
655 1355 758 1436 igitur
783 1352 948 1415 eiussuosli
978 1354 1232 1416 ratiocinatione

148 1467 206 1520 aut
225 1479 343 1540 purum
364 1463 423 1515 aut
444 1453 525 1514 nihil
546 1453 611 1514 hoc
632 1453 709 1515 loco
730 1450 814 1513 elisei
836 1451 946 1527 sides,
965 1451 1024 1512 secl
1046 1453 1233 1534 ueqse'l'e-

152 1556 278 1617 sentius
306 1571 413 1635 neque
440 1551 612 1617 scholiasta
643 1551 714 1632 ipse
745 1570 808 1609 uos
836 1550 871 1608 ai
897 1550 1009 1611 omnia
1036 1570 1091 1611 me
1112 1550 1233 1610 lallaat

150 1652 380 1714 destituerunt.
420 1649 635 1710 Poetaonim
654 1648 790 1707 Latinus
810 1645 911 1726 paulo
932 1654 1009 1726 post
1028 1667 1059 1705 s.
1070 1650 1111 1713 19
1130 1646 1232 1707 dicits

146 1771 189 1811 ne·
204 1771 334 1830 gravere
356 1749 423 1825 ²⁵),
446 1756 481 1809 et
500 1746 674 1807 scholiasta
695 1743 760 1804 hoc
780 1745 924 1824 explicat
942 1742 994 1803 his
1013 1742 1140 1803 verhis:
1160 1763 1233 1819 „ae

145 1855 184 1906 te
205 1845 427 1906 difficilem
447 1843 684 1924 praeheas“.
726 1842 841 1923 ltaque
869 1839 951 1901 mihi
976 1839 1114 1923 quidem
1142 1840 1232 1901 seri·

147 1941 252 2002 simile
276 1961 343 2002 uon
367 1939 500 2001 videtur
515 1939 727 2001 scholiastem
756 1937 824 2001 hoe
849 1938 955 2001 serho
975 1947 1011 2000 et
1029 1938 1093 2001 alia
1112 1937 1231 2001 affecto

145 2046 309 2121 potestate
330 2059 426 2098 nsum
447 2057 526 2112 esse,
547 2057 658 2119 neque
678 2045 788 2113 tamen
809 2035 1002 2119 quidquam,
1021 2037 1050 2096 si
1066 2054 1127 2095 suo
1146 2043 1232 2097 tem·

143 2135 417 2218 poiesliversitas
437 2134 682 2217 significationis
700 2133 907 2211 invaluisset,
927 2154 957 2192 v.
978 2135 1018 2201 19
1037 2131 1115 2195 data
1133 2153 1233 2195 owa-

146 2232 242 2294 sioue
263 2240 397 2315 praeter
417 2252 545 2293 morem
575 2251 618 2292 ue
646 2251 714 2293 uuo
743 2230 879 2314 quidem
912 2229 1017 2291 serhe
1048 2229 1091 2291 sle
1119 2250 1160 2292 ea
1191 2248 1230 2292 re

146 2329 321 2391 monuisse.
364 2327 587 2407 Quamobrem
618 2349 687 2389 noa
717 2348 852 2408 possam
879 2327 962 2410 quio
989 2326 1089 2389 huius
1107 2326 1230 2391 scholii

144 2427 233 2489 hauc
253 2429 451 2487 sententiam
473 2445 544 2489 esse
563 2433 696 2507 potem:
727 2423 911 2487 Menander
938 2445 1052 2487 senem
1081 2444 1160 2486 cusu
1184 2422 1229 2487 ah

144 2545 185 2587 eo
199 2531 234 2585 ut
248 2523 439 2604 Pamphilae
460 2531 600 2585 matrem
620 2522 759 2584 (luceret
772 2528 946 2604 peteretur
966 2541 1047 2581 rou
1069 2519 1124 2581 ita
1142 2541 1230 2604 gra·

146 2628 232 2682 vste
264 2627 451 2702 egentem
481 2620 552 2681 sed
579 2621 680 2681 sstis
710 2617 876 2679 facilem
910 2617 1154 2700 petentibus
1184 2636 1227 2679 sc

142 2717 414 2800 praebentem
434 2716 567 2779 fecerat
608 2716 744 2777 Scilicet
755 2724 851 2797 poeta
862 2715 1008 2776 Graecus
1026 2713 1226 2799 hiequoqse

143 2804 229 2897 ἦθος
248 2813 400 2875 Miciouis
421 2813 619 2874 servandum
633 2814 773 2888 censuit,
795 2811 901 2895 etqai
911 2830 1044 2895 semper
1052 2812 1226 2877 omnihus-

142 2933 206 2994 que
227 2911 298 2972 fere
309 2948 319 2983 .·
328 2910 431 2971 facilis
458 2919 530 2972 erut
558 2911 768 2994 aliorumque
790 2908 951 2971 volontati
978 2929 1107 2973 morem
1126 2930 1225 2995 geren

137 3009 206 3080 hut,
235 3009 323 3075 hunc
344 3009 486 3068 Demeae
507 3008 618 3067 fratris
638 3009 779 3087 eiusque
800 3005 859 3067 lilii
890 3006 1045 3087 precihus
1064 3005 1154 3068 haut
1177 3006 1224 3071 ils

140 3101 318 3164 difficulter
352 3101 527 3165 cedentem
554 3101 691 3162 induxit.
743 3101 849 3163 Aliter
885 3103 990 3163 visum
1020 3109 1071 3165 est
1100 3110 1221 3187 poetae

137 3201 266 3265 Latino.
309 3198 372 3260 Hic
394 3218 530 3281 quoque
552 3199 634 3259 fecit
658 3219 772 3261 seoem
803 3196 938 3261 tandem
966 3199 1097 3263 exorari
1119 3207 1220 3285 stqss

137 3298 246 3374 vinci,
266 3297 325 3358 sesl
347 3297 488 3358 multum
518 3304 615 3358 autea
643 3299 846 3359 restitantem
865 3305 901 3361 et
924 3296 1155 3377 reluctantem,
1184 3308 1221 3363 et

138 3393 305 3458 handsoio
315 3417 356 3455 au
365 3395 431 3457 hoc
440 3395 549 3457 videri
563 3395 668 3477 possit
680 3395 876 3477 gravissimis
885 3396 1085 3480 “puseolis
1095 3396 1219 3463 {solon

138 3510 207 3553 esse
229 3510 257 3549 v.
282 3497 320 3557 15
340 3492 379 3553 sil
402 3513 501 3576 qoem
521 3494 629 3575 ipsum
649 3492 823 3556 scholiasta
843 3493 929 3555 illud
948 3491 1137 3557 maeoniis

190 3606 193 3610 ’
219 3587 288 3666 Ego
311 3606 406 3649 novus
425 3593 562 3652 mae-itus
581 3612 669 3654 anno
689 3591 812 3653 mum
828 3593 942 3676 φαίνοιο
965 3604 996 3655 ct
1015 3592 1216 3675 meacm

219 3685 327 3757 Fiam
348 3697 444 3759 atque
464 3710 562 3753 anum
581 3688 774 3772 decrepitam
791 3688 929 3753 damn!

134 3781 313 3844 Terentius
334 3790 444 3844 autem
463 3785 553 3868 qood
563 3786 609 3847 ita
628 3788 795 3852 actionem
809 3786 924 3873 aliquo
945 3785 1047 3851 modo
1063 3785 1212 3853 dilatssit

133 3880 254 3941 mirum
277 3900 345 3942 nou
367 3880 441 3942 erit.
483 3883 529 3944 lta
548 3882 575 3944 si
594 3885 698 3947 Andr.
718 3893 783 3949 act
803 3884 846 3964 V,
866 3888 952 3955 scil
977 3904 998 3949 e
1022 3884 1208 3952 Mandro

131 3976 319 4039 hunslatam
340 3997 409 4045 esse
429 3977 499 4056 scis,
522 4000 650 4045 versum
670 3986 726 4051 2th

212 4075 332 4138 Dorum
352 4095 441 4139 uxor
458 4074 550 4141 litera·
565 4080 683 4145 immet
698 4082 798 4145 ιἠνιῖο
814 4092 921 4164 patre,
