2722 4642
530 313 667 412 A

77 485 218 545 as·t·ifreio
241 483 400 542 desinon
413 436 524 562 'posse
578 485 685 562 Atque
705 468 1001 591 eadesspntentia
1023 483 1147 543 (lictum

69 593 165 666 putes
188 580 290 639 illud:-
326 581 384 641 Uli
415 582 461 656 (in
491 579 594 660 prima
625 579 945 663 Pes·inthiaes'sceua)
976 604 1070 645 senex
1099 588 1152 659 ila

26 688 29 731 i
64 702 137 742 snm
174 702 274 739 serore
317 681 474 762 loquitar,
518 694 549 737 ut
583 679 672 758 apud
710 680 739 741 T
738 668 885 740 ardutium
921 704 987 741 cnm
1027 683 1143 741 ls'lerso.

26 784 29 837 ζ
69 780 169 839 Primi
193 779 276 836 euim
301 779 408 861 viginti
434 798 543 835 versus
567 799 640 836 cum
659 776 698 837 acl
721 799 875 839 sumniam
900 779 1049 849 seinihil
1078 782 1144 837 lere

27 928 30 945 ,
62 878 268 960 pertineant,
303 885 499 937 momentum
533 895 608 935 sane
633 877 740 955 largae
772 897 837 935 non
861 886 1007 957 possunt.
1053 880 1143 954 Quae

71 976 308 1057 interloquitur
331 974 428 1039 Sosia¹
452 983 573 1043 tantum
604 974 693 1034 abest
724 985 759 1035 ut
789 997 803 1032 a
828 995 969 1055 persona
994 977 1142 1035 mulieris
1163 918 1218 1011 φ

28 1058 33 1163 l
69 1076 192 1155 possint
217 1094 352 1157 prorsus
375 1074 480 1134 aliena
511 1073 671 1149 iudicari,
699 1082 734 1135 ut
766 1074 909 1134 orationi
946 1075 1055 1133 matris
1086 1074 1143 1133 ad-

63 1173 196 1233 modum
247 1172 420 1232 videantur
465 1174 646 1232 convenire
683 1172 755 1231 talia
803 1172 897 1253 quale
935 1195 962 1231 v.
1003 1175 1061 1238 78:
1113 1173 1141 1232 0

48 1275 179 1352 sartum
209 1272 288 1333 besse.
332 1274 460 1340 Beasts'5
489 1274 537 1331 tei
563 1273 657 1331 metui
684 1293 706 1329 a
747 1271 915 1351 Clugyss'du
955 1279 986 1329 et
1009 1292 1035 1327 v.
1061 1274 1137 1337 100³
1218 1312 1263 1387 Φ

71 1373 172 1453 Quum
202 1375 292 1430 timeo
320 1392 467 1454 quorsum
489 1370 611 1429 evadas.
654 1370 803 1450 Denique
829 1391 901 1428 cum
925 1368 1015 1428 nullo
1040 1368 1138 1428 modo

67 1481 170 1531 mater
200 1469 344 1551 poluerit
376 1490 411 1527 ea
444 1468 499 1527 lilii
529 1470 609 1526 lacta
642 1469 792 1551 ignorare
826 1488 907 1548 quae
942 1466 1030 1526 Simo
1064 1488 1138 1526 cum

16 1634 19 1653 Ι
65 1569 184 1628 liberto
216 1568 432 1628 communicet
465 1587 504 1624 ne
533 1565 612 1625 illud
641 1566 774 1647 quidem
808 1587 923 1624 verum
961 1565 1160 1624 arbitratur.

14 1704 17 1709 -
64 1665 170 1724 lhuius
193 1665 282 1748 quod
305 1664 384 1724 dicit
406 1664 575 1723 scholiasta
599 1666 630 1721 in
655 1666 779 1723 Graeca
809 1663 914 1722 lahula
939 1685 1010 1722 cum
1035 1682 1137 1722 uxore

63 1784 170 1823 senem
201 1765 443 1825 confabulatum
476 1784 552 1822 esse.
603 1763 673 1820 Hoc
703 1772 808 1820 autem
847 1761 945 1822 modo
970 1761 1136 1842 disputans

63 1883 169 1941 neque
193 1862 247 1922 ille
270 1866 411 1944 respexit
433 1862 511 1943 quid
539 1870 656 1942 poetae
684 1860 797 1935 liceat,
835 1882 893 1919 nec
926 1882 986 1941 qua
1021 1859 1135 1920 condi-

11 2006 14 2011 .
61 1958 157 2018 eione
191 1981 264 2020 usae
300 1962 362 2020 sint
392 1962 544 2021 mulieres
581 1959 666 2041 apud
699 1961 842 2019 Graecos
889 1967 921 2017 et
959 1960 1132 2018 Romanos.

10 2080 16 2135 Ι
57 2058 141 2118 Nihil
167 2058 267 2141 igitur
289 2081 404 2119 eorum
427 2082 508 2142 quae
534 2060 564 2118 in
588 2059 785 2118 contrariam
810 2065 937 2138 partem
961 2057 1135 2135 disputavit

61 2157 269 2238 probandum
293 2179 359 2218 csse
384 2179 518 2233 censeo,
541 2158 801 2236 scholiastaeque
826 2153 1131 2227 siveDonatusluit,

57 2255 123 2315 sire
147 2255 227 2314 alius
251 2259 320 2336 quis
344 2257 440 2315 fidem
463 2257 589 2330 habeo,
624 2259 656 2314 in
681 2255 801 2314 Andria
833 2255 1003 2314 Menandri
1035 2253 1131 2313 solius

57 2354 143 2413 senis
167 2353 261 2412 fuisse
286 2354 504 2412 narrationem
532 2355 710 2435 argumenti
741 2374 916 2432 rerumque
949 2362 1022 2410 ante
1046 2362 1132 2411 acta-

54 2473 147 2525 rum,
182 2451 215 2510 in
238 2450 406 2512 Perinthia
437 2472 545 2510 senem
578 2474 651 2511 cum
684 2474 784 2513 uxore
819 2451 1017 2511 collocutum
1051 2469 1128 2508 esse.

52 2549 185 2609 Latinus
208 2560 315 2610 autem
339 2559 433 2631 poeta
459 2551 648 2610 existimavit
669 2573 756 2609 suam
777 2549 916 2608 fabulam
938 2551 1129 2630 quispecta-

56 2655 123 2707 tum
147 2647 299 2709 venirent
322 2649 366 2735 eis
392 2669 497 2731 neque
523 2651 653 2731 longum
668 2648 808 2708 Simonis
831 2669 1013 2708 sermonem
1037 2646 1126 2706 nullo

58 2745 300 2827 interpellante,
323 2767 428 2829 neque
451 2769 584 2807 uxorem
608 2749 637 2807 in
662 2769 788 2807 scenam
812 2745 1007 2829 productam
1026 2744 1128 2827 placi-

54 2851 159 2903 turam
183 2863 259 2905 esse,
287 2845 414 2930 ltaque
438 2847 768 2953 utrumquefflaulum
790 2845 968 2905 immutavit
990 2842 1126 2924 proprio

55 2948 90 2998 ut
111 2942 326 3018 aiuntMarte,
351 2943 400 3003 vel
425 2944 448 3002 si
472 2946 542 3027 quis
559 2946 644 3005 sorte
659 2944 817 3004 Terentio
842 2964 907 3003 non
931 2965 999 3001 eam
1019 2940 1126 3001 *enimi

58 3037 233 3098 sollertiam
258 3062 364 3122 neque
389 3063 459 3099 eam
482 3042 673 3100 inveniendi
696 3045 761 3100 vim
786 3041 994 3113 concusserit,
1021 3042 1125 3098 lorum

54 3135 217 3217 quendam
241 3138 461 3221 interpretans
484 3138 561 3197 alibi
586 3138 670 3219 apud
694 3137 910 3198 Menandrum
946 3139 1124 3195 inventurn.

55 3237 158 3315 Atque
183 3236 356 3297 inhaere
380 3236 587 3298 diiudicanda
613 3237 642 3299 id
669 3237 771 3320 ipsum
796 3257 860 3294 non
874 3257 1008 3317 prorsus
1028 3234 1125 3293 omit-

57 3332 191 3395 tendum
229 3345 294 3410 est,
341 3337 531 3396 Terentium
573 3338 668 3395 initio
708 3335 836 3395 tabulae
871 3334 912 3393 ab
949 3332 1123 3414 exemplari

54 3432 183 3490 Graeco
210 3436 282 3512 plus
306 3437 404 3497 semel
428 3435 594 3519 passlulum
619 3437 795 3495 recessisse.
840 3435 887 3493 De
911 3430 1066 3513 Adelphis
1090 3428 1122 3487 id

51 3524 211 3588 Varronis
233 3535 429 3594 testimonio'
444 3543 576 3595 constat.
621 3512 716 3594 Conll
729 3553 811 3615 quae
835 3553 931 3614 supra
955 3530 1018 3589 dixi
1042 3550 1072 3610 p.
1084 3530 1123 3594 14

55 3649 117 3710 sq.‚
150 3636 183 3687 et
203 3624 354 3689 Eunuchi
377 3633 595 3695 Menandreae
627 3632 825 3714 principium
850 3632 882 3689 in
906 3629 1018 3688 Latina
1042 3647 1124 3686 con-

52 3735 191 3786 tractum
214 3748 282 3787 esse
307 3727 337 3785 in
366 3702 507 3791 bravia?
526 3742 618 3792 acute
649 3729 732 3791 vidit
754 3730 815 3791 Od.
839 3728 1016 3789 Muellerus
1046 3724 1119 3786 hist.

49 3822 107 3882 litt.
132 3825 245 3885 Graec.
269 3826 305 3900 ll,
328 3847 358 3906 p.
382 3830 449 3894 276.

110 3910 280 3985 Postremo
303 3924 414 4005 paucis
437 3925 675 4008 expediendum
705 3935 752 3987 est
780 3927 870 4007 quod
892 3923 964 3983 satis
988 3921 1119 4006 quidem

52 4018 125 4107 leve
146 4021 249 4082 videri
270 4023 380 4107 possit.
424 4022 478 4097 llla
510 4024 698 4086 scholiastae
730 4023 850 4087 verba:
886 4024 996 4084 Prr'nsa
1027 4041 1120 4081 scena

52 4121 232 4180 Perinths'ae
250 4143 349 4204 poene
368 4086 477 4181 Madent
498 4122 600 4184 verbis
626 4108 735 4206 quibas
754 4119 880 4181 Andria
909 4121 1027 4203 scripta
1056 4133 1118 4192 est,

50 4218 229 4280 Grauertus
258 4220 278 4279 l.
301 4240 327 4280 c.
359 4240 389 4302 p.
414 4218 489 4296 174,
521 4220 580 4283 nisi
614 4220 691 4333 quiq:
716 4218 938 4313 tartepsiuus
969 4225 1120 4307 accurata

641 4360 706 4463 ὴ
776 4325 799 4397 6
