2722 4642
49 218 102 275 agn,

651 219 672 288 5

47 356 58 369 μ
120 393 268 476 Hecyrae
289 388 391 452 verba
412 388 450 464 ll,
474 376 501 464 1⁴,
525 391 579 455 17:

205 490 253 551 Tu
273 490 401 572 irtqicam
422 485 531 546 mulier
558 506 639 569 quae
668 507 714 546 me
742 485 868 547 omuino
890 485 1027 564 laniciem
1056 507 1120 548 nou
1141 489 1198 549 lio·

282 588 393 663 minem
410 597 520 668 putas,

122 682 293 746 scholiasta
315 683 519 763 comparavit
540 702 612 742 curn
635 678 904 764 Apollodorianis
933 702 1017 763 quae
1041 690 1200 763 corrupte

121 781 276 864 leguntur
310 780 343 840 in
377 779 468 840 libris
496 779 557 839 ita:
592 773 631 840 od
662 801 703 857 με
730 776 931 839 παντάπασιν
963 777 1202 856 chArnsnv,

121 879 297 961 Postquam
318 876 569 938 Westerhovius
598 876 671 937 satis
702 874 818 936 inscite
847 873 928 937 haec
957 897 1071 936 sanare
1096 876 1213 938 voluit·-

120 975 313 1037 hocmodo:
336 970 383 1038 Σύ
397 998 437 1055 με
448 971 648 1036 παντάπασιν
657 968 796 1055 ἡγήσαιο
818 969 920 1049 λίθον,
942 973 1202 1055 probabiliorem

122 1074 285 1134 rationem
318 1074 465 1134 inierunt
500 1072 654 1134 Benleius
692 1080 726 1133 at
756 1070 939 1134 Meinekius
975 1093 1115 1154 quorum
1145 1073 1200 1146 illc¹

120 1171 255 1231 Terent.
267 1172 460 1231 Germanice
483 1190 632 1231 convers.
651 1191 681 1251 p.
694 1172 752 1235 231
776 1168 945 1250 reposuit=
969 1163 1008 1230 σύ
1021 1193 1061 1247 με
1083 1165 1202 1231 uuvrd.

120 1289 219 1329 πασιν
240 1260 362 1350 ἥγησαι
373 1266 475 1344 λίθον,
498 1268 550 1328 hic
572 1268 699 1354 Fragm.
712 1267 828 1327 Graec.
841 1286 923 1331 com.
948 1266 1010 1328 vol.
1028 1267 1079 1342 tv,
1096 1289 1126 1348 p.
1139 1268 1201 1339 445

120 1366 332 1428 scribendum
354 1375 485 1431 censet:
507 1359 555 1427 Σύ
578 1389 618 1445 με
639 1359 840 1426 παντάπασιν
861 1359 982 1446 ἦγεῖδῆ
997 1361 1100 1426 λίθον.
1113 1365 1201 1433 -Pos-

125 1472 199 1525 sunt
220 1464 285 1525 huc
307 1463 450 1546 quodam
473 1461 571 1523 modo
604 1462 724 1528 reterri
745 1461 877 1523 Phorm.
901 1465 953 1538 lll,
977 1469 1006 1536 2,
1030 1469 1070 1531 22
1092 1472 1124 1524 et
1142 1469 1198 1532 23:

426 1561 526 1622 Inrmo
547 1561 584 1621 id
603 1560 691 1646 qitod
709 1563 802 1621 aiunt
823 1561 952 1621 auribus
974 1574 1060 1624 teneo
1082 1563 1199 1645 inpiam,

201 1658 284 1718 Nam
306 1679 401 1743 neque
422 1680 485 1743 quo
504 1672 601 1742 pacto
624 1680 646 1719 a
667 1680 713 1718 me
735 1658 902 1730 amittam,
933 1679 1029 1742 neque
1056 1661 1104 1719 uti
1124 1661 1200 1720 reti·

245 1777 333 1816 neum
354 1759 429 1816 scio.
456 1753 497 1836 ¹³)

121 1852 168 1911 lhi
202 1851 376 1912 scholiasta
406 1851 592 1912 adnotavit:
645 1852 828 1912 »Graecum
856 1852 1085 1934 proverbium:
1129 1852 1199 1914 Τῶν

121 1940 208 2010 (ὅτων
240 1947 306 2027 ἔχω
335 1949 388 2010 τὸν
421 1944 530 2010 iduor:
569 1939 633 2010 οὔτ’
663 1947 750 2028 ἔχειν
778 1940 842 2011 οὔτ’
871 1943 1002 2033 ἀφεῖναι
1025 1944 1199 2028 diruptus*

118 2046 161 2107 Et
182 2046 261 2108 ibid.
285 2045 338 2121 lV,
358 2051 389 2122 3,
411 2051 467 2115 ὅθι
500 2047 586 2129 Quid
610 2049 640 2105 si
666 2049 807 2109 animum
833 2047 947 2108 debet?
990 2048 1046 2115 uhi
1078 2050 1199 2130 iterum

120 2143 293 2205 scholiasta
322 2144 453 2207 scribite
489 2145 672 2206 ’Graecum
693 2145 925 2226 proverbium:
952 2143 1051 2224 Tlos·
1081 2145 1111 2208 si
1138 2144 1201 2227 τῆν,

120 2241 234 2323 ψυχήν
256 2234 409 2326 ὀφείλει.»

180 2340 223 2400 Et
244 2360 399 2400 numerus
421 2361 538 2403 eorum
558 2343 708 2402 locorum
723 2340 1199 2424 quibusTerentianatotidem

121 2456 227 2521 paene
248 2435 395 2499 dixerim
424 2447 575 2500 constare
607 2439 715 2514 verbis
743 2447 826 2522 quot
847 2441 989 2515 Graeca,
1019 2441 1046 2501 si
1077 2439 1198 2501 hornut

121 2555 204 2617 qnae
232 2543 358 2597 servata
398 2546 473 2598 snut
511 2537 633 2621 ubique
672 2558 749 2599 vera
788 2525 996 2621 genuinaque
1033 2538 1197 2617 scriptura

120 2631 280 2715 praestari
307 2645 432 2714 posset,
471 2634 558 2697 haud
587 2636 655 2695 scio
687 2657 727 2694 an
760 2634 854 2695 facile
884 2635 982 2696 etiam
1010 2642 1197 2718 augeretur.

116 2729 229 2812 Neque
260 2749 319 2812 ego
350 2730 375 2791 is
405 2753 476 2792 sum
505 2733 561 2815 qui
592 2732 711 2794 infitias
738 2740 809 2805 eat,
843 2731 993 2811 'ferentii
1023 2733 1049 2794 si
1078 2752 1197 2794 revera

117 2826 204 2888 hanc
225 2847 356 2911 semper
376 2830 490 2892 inisset
511 2830 672 2894 rationem
695 2831 860 2912 poeticam
876 2831 1031 2892 virtutem
1049 2839 1082 2891 et
1102 2850 1197 2910 prae·

119 2926 276 3001 stantiam,
300 2926 478 2991 dummodo
502 2928 568 3010 ulla
589 2929 619 2990 ei
642 2930 782 2990 concedi
804 2937 923 3012 posset,
948 2949 1011 2989 non
1034 2928 1076 2989 ita
1087 2925 1194 3009 magni
1237 2989 1239 2993 ,

119 3022 351 3083 aestimandam
371 3045 451 3087 esse.
493 3025 560 3085 Sed
580 3025 661 3086 haec
684 3026 816 3108 insignis
829 3026 1007 3088 cuiusdam
1026 3026 1114 3086 inter
1135 3025 1197 3101 La·

117 3119 226 3179 tinum
248 3128 282 3180 et
303 3141 402 3202 quem
424 3122 476 3184 hic
498 3122 676 3184 imitatione
699 3122 1044 3206 effingebatGraccorn
1066 3130 1198 3205 poetam

118 3215 341 3278 similitudinis
363 3219 509 3302 exempla
540 3219 626 3280 haud
652 3220 720 3282 scio
751 3242 792 3281 an
823 3229 949 3282 tantum
970 3220 1054 3282 absit
1076 3229 1111 3300 ut
1132 3221 1198 3283 Te-

117 3315 227 3378 rentio
250 3315 406 3393 officiant,
436 3327 472 3378 ot
492 3319 711 3401 suspicionem
742 3319 834 3380 illum
863 3319 983 3402 ubique
1015 3339 1048 3380 se
1077 3326 1195 3401 poetae

118 3435 217 3497 quem
238 3416 478 3499 interpretatur
500 3417 533 3477 iu
557 3418 746 3478 servitutem
776 3419 867 3500 quasi
895 3401 1056 3480 addixisse
1082 3417 1122 3478 ab
1154 3438 1194 3478 eo

118 3531 291 3574 removere
314 3513 497 3576 videantur.
541 3514 691 3576 Advertit
712 3515 840 3577 scilicet
861 3514 1066 3577 scholiastam
1089 3515 1194 3576 sicubi

118 3610 244 3670 Graeca
266 3612 431 3673 et'Latina
454 3612 536 3673 nihil
558 3613 628 3676 iere
650 3614 737 3674 inter
765 3635 798 3675 sc
822 3613 955 3675 differre
979 3613 1061 3675 vidit
1083 3613 1136 3688 ita,
1161 3623 1195 3677 nt

116 3706 208 3789 quod
238 3728 313 3768 cum
345 3709 523 3773 lectoribus
552 3713 853 3774 communicaretur
885 3712 1019 3796 dignum
1048 3712 1194 3773 haberet

114 3806 215 3866 Poeta
247 3814 354 3867 antem
386 3809 517 3870 Latinus
551 3811 576 3871 si
606 3810 694 3895 hunc
722 3832 850 3872 morem
878 3832 1008 3892 semper
1041 3809 1195 3871 tenuisset

115 3903 195 3986 qnid
217 3903 349 3965 tandem
383 3927 496 3969 causae
525 3907 702 3993 excogitari
730 3918 841 3991 posset
871 3917 913 3969 ut·
936 3908 1012 3969 talia
1041 3906 1095 3968 hic
1126 3906 1194 3968 illic

35 3991 38 3998 ’
113 3999 272 4063 adnotare
305 4001 501 4087 plerumque
540 4007 704 4090 negligere
743 4007 935 4069 scholiastae
978 4006 1011 4066 in
1048 4013 1193 4068 mentem
1296 4056 1304 4069 .

20 4093 56 4123 ”
113 4100 266 4161 venerit?
604 4095 607 4099 ’
808 4125 810 4128 ’
985 4107 988 4111 ’
1119 4122 1128 4131 ⁴·
