2722 4642
648 203 673 269 71

588 289 730 303 “

120 375 212 439 Coul.
232 374 367 436 Terent.
389 368 540 433 Eunuch.
562 368 648 452 prol.
677 391 707 432 v.
729 375 748 438 7
779 375 813 431 et
832 375 863 438 8.
907 372 1021 454 ltaque
1050 371 1137 433 illins
1159 379 1201 469 et

119 473 275 537 similium
290 471 338 532 ob
348 484 503 531 scuram
520 467 722 551 diligentiam
729 467 904 531 Terentius
913 488 947 529 se
960 470 1200 535 aemularemur

10 593 12 596 ’
121 592 189 633 non
212 591 281 632 esse
303 569 385 631 dicit
404 559 508 629 Andr.
528 567 616 649 prol.
638 588 667 627 r.
689 570 739 635 20·
787 567 897 650 Neque
919 567 1014 629 aliter
1035 566 1200 630 iudicasse·

119 691 176 732 eos
198 667 359 732 credibile
381 674 430 728 est
451 685 553 747 penes
575 685 657 747 qnos
679 665 747 727 laus
770 663 946 726 locutionis
963 663 1154 727 emendatae
1164 673 1200 736 at

119 768 253 829 Latinae
276 775 354 827 erat.
395 764 497 846 Atqui
515 771 649 824 tornnes
668 763 886 845 tutulcrequi
901 771 1062 831 nenextra
1076 763 1199 827 urbem

121 865 206 927 hanc
228 863 390 938 vixerunt,
420 882 483 922 nec
504 880 559 923 eos
582 860 689 943 aliqua
711 861 880 923 barbaries
911 859 1088 927 domestica
1111 859 1202 927 inlu-

123 970 280 1037 scaverat,
303 969 394 1025 recle
417 959 679 1040 loquebantur⁹;
702 958 995 1023 Ciceronieverha
1015 959 1202 1019 sunt.Brut

121 1060 179 1135 74,
202 1062 271 1125 258.
319 1059 514 1120 Terentium
543 1065 653 1121 autem
682 1057 716 1116 in
746 1055 1200 1138 exprimendisGraeeorurn

119 1157 236 1218 fabulis
258 1156 398 1238 eleganti
419 1175 572 1238 puroque
594 1175 746 1217 sermone
779 1174 870 1215 usum
902 1173 989 1229 esse,
1013 1162 1047 1214 et
1068 1152 1198 1233 fabulae

118 1255 189 1317 eius
212 1254 387 1316 ostendunt
406 1263 441 1315 et
462 1274 579 1314 eornm
609 1253 664 1335 qui
686 1251 746 1333 ipsi
763 1251 838 1313 >huc
853 1250 949 1313 laude
972 1251 1113 1321 maxime¹
1137 1247 1200 1319 llo-

121 1352 239 1414 rebant
259 1351 380 1413 indicio
399 1358 534 1415 constat.
578 1351 622 1412 lta
644 1352 733 1412 enim
754 1350 1011 1419 Cicero-scribit
1026 1349 1198 1411 Limoneu-

202 1480 251 1540 Tu
272 1498 394 1562 quoque
415 1479 470 1560 qui
488 1478 573 1538 solus
595 1478 674 1539 lecto
697 1486 849 1550 sermone,
876 1477 1014 1549 Terenti,

201 1575 385 1637 Conversum
406 1594 644 1660 expressumque
665 1577 788 1635 Latina
808 1594 885 1634 voce
906 1573 1116 1635 Menandrum
1168 1578 1196 1611 '-

197 1674 239 1734 In
259 1671 360 1732 medio
379 1673 490 1756 populi
509 1672 629 1733 sedatis
648 1671 778 1732 vocibus
798 1671 900 1752 effere

198 1769 361 1854 Quidquid
379 1791 464 1830 come
484 1771 613 1853 loquens
633 1782 730 1853 atque
751 1771 857 1830 omnia
878 1768 986 1830 dulcia
1006 1769 1120 1830 dicens.

51 1910 59 1923 “
118 1892 162 1956 Et
183 1894 217 1955 C.
241 1893 358 1953 Caesar
384 1890 447 1971 ¹⁵):

204 1992 252 2053 Tu
273 2012 396 2075 quoque
416 2004 450 2051 tu
470 1990 503 2051 in
524 1991 661 2063 summis,
685 2011 703 2050 o
725 1990 890 2052 dimidinte
910 1990 1098 2064 Menander,

197 2088 343 2161 Poneris,
365 2100 395 2148 et
415 2089 538 2161 merito,
557 2090 634 2172 puri
652 2091 804 2149 sermonis
825 2102 964 2151 amator.

198 2184 332 2246 Lenibus
352 2198 448 2270 atque
470 2187 591 2246 utinam
612 2186 738 2270 scriptis
759 2180 915 2247 adiuncta
925 2186 1021 2267 foret
1042 2189 1093 2248 vis
1118 2182 1177 2268 ¹⁶),

201 2283 330 2344 Comiea
351 2295 385 2342 ut
405 2296 543 2367 aequato
564 2285 668 2343 virtus
686 2284 817 2368 polleret
838 2286 958 2346 honore
1009 2348 1012 2353 ,

200 2378 276 2442 Cum
299 2378 442 2454 Graecis,
465 2401 560 2464 neque
580 2383 614 2441 in
635 2382 694 2442 linc
715 2381 876 2466 despectus
894 2395 989 2467 parte
1010 2384 1128 2444 iaceres
1135 2407 1146 2452 ;
1175 2372 1178 2377 ¹
1263 2400 1267 2407 '

204 2478 307 2541 Unum
326 2480 385 2539 lroe
405 2498 550 2539 maceror
569 2491 599 2539 et
620 2478 711 2541 doleo
733 2479 790 2541 tibi
809 2480 921 2557 deesse,
949 2478 1083 2541 Terenti.

119 2603 214 2666 (loni.
237 2602 387 2666 Suetonii
407 2603 474 2665 rita
495 2605 655 2667 Terentii.

179 2728 243 2789 Hic
272 2736 382 2789 autem
412 2735 510 2811 poeta
540 2730 667 2791 tametsi
697 2730 786 2791 inter
818 2750 929 2793 omnes
960 2731 1010 2793 sui
1039 2730 1199 2813 temporis

116 2826 296 2909 scriptores
318 2826 512 2910 incorrupta
534 2827 676 2911 quadam
696 2829 805 2890 Latini
826 2829 988 2890 sermonis
1003 2828 1197 2918 integritate

116 2931 150 2984 et
170 2923 330 3006 elegantia
350 2926 486 2986 maxime
509 2926 708 3004 excellebat,
740 2934 832 2987 recte
859 2934 966 2987 tamen
998 2926 1205 2987 dubitaveris

33 3099 36 3104 Ι
120 3041 199 3080 num
226 3021 296 3080 eius
325 3021 457 3083 fabulae
483 3021 666 3105 placiturae
688 3023 836 3099 fuissent,
858 3023 882 3084 si
906 3023 990 3084 nihil
1013 3023 1075 3083 nisi
1097 3024 1199 3085 intar-

117 3117 222 3199 pretis
233 3138 371 3178 munere
382 3128 515 3180 strenue
529 3119 657 3180 functus
671 3128 765 3182 esset.
808 3120 944 3183 Scilicet
959 3128 1075 3204 poetae
1090 3118 1199 3181 Latini

117 3213 242 3276 scenici
264 3235 460 3298 quamquam
489 3217 587 3277 satius
609 3238 677 3278 esse
707 3216 874 3281 ducebant
903 3239 941 3280 ea
973 3239 1056 3302 quae
1079 3219 1199 3281 Graeci

118 3312 228 3373 diviua
250 3313 390 3395 quadam
412 3323 488 3376 arte·
505 3324 539 3376 et
560 3316 755 3377 invenerant
781 3325 814 3378 et
836 3317 1054 3400 depinxerant
1080 3318 1114 3377 in
1136 3317 1199 3377 La·

119 3411 198 3470 tium
220 3412 411 3488 transferre,
433 3435 532 3496 quam
556 3415 707 3477 novitatis
730 3415 861 3477 laudem
880 3417 943 3477 eibi
961 3434 1125 3500 quaerere
1141 3414 1197 3492 17),

120 3527 193 3568 eam
212 3515 319 3569 tamen
342 3511 507 3573 rationem
539 3513 609 3576 lere
640 3513 867 3596 sequebantur
876 3560 889 3589 ,
917 3523 954 3575 ut
983 3535 1077 3575 suum
1105 3512 1199 3574 adhi-

118 3605 235 3666 bentea
259 3604 413 3670 iudicium
435 3610 541 3672 libere
562 3612 595 3672 in
617 3611 778 3673 imitando
799 3621 1022 3675 versarentur.
1064 3612 1137 3671 lloc
1157 3630 1199 3673 ec

49 3779 55 3789 ⁵
116 3702 271 3784 inprimis
308 3707 445 3768 consilio
477 3708 599 3769 facturn
632 3718 698 3785 est,
737 3718 774 3770 ut
803 3711 829 3771 si
858 3709 941 3793 quid
974 3711 1009 3770 in
1039 3707 1198 3790 poematis

118 3801 265 3877 Graecis,
287 3802 490 3884 adquorum
512 3808 696 3894 exemplum
708 3830 778 3887 ,sua
799 3808 1080 3891 adtemperabaut,
1104 3807 1198 3867 inre·

119 3899 255 3961 niebant
288 3922 371 3985 quae
402 3925 420 3963 a
449 3905 659 3989 popularium
690 3908 844 3968 institutis
867 3906 1012 3967 moribus
1034 3902 1199 3967 sentiendi

117 3997 348 4083 cogitandique
359 4003 733 4081 rationeablnorrebant,
757 4006 868 4087 aliquo
891 4003 990 4066 modo
1011 4003 1200 4087 mitigarent

116 4103 151 4156 et
175 4096 293 4183 Latino
325 4120 433 4182 paene
450 4100 601 4165 'dixerim
631 4103 746 4165 colore
777 4103 896 4166 leniter
926 4102 1136 4166 obducerent
1164 4106 1217 4159 et·
