2722 4642
606 200 748 311 A

136 387 278 433 numero
300 366 402 431 multo
425 366 538 447 plures
557 365 667 428 studio
687 364 812 449 stupidi
833 367 867 427 in
891 370 1000 454 pugile
1016 377 1221 442 austrinam-⁴

135 467 217 530 balo
247 466 370 535 animos
401 472 610 545 occuparunt
634 454 684 540 ³⁷).
704 463 917 548 mediamque
947 469 1033 531 inter
1067 474 1210 539 tabulam

136 585 248 626 ursum
268 569 425 644 poscunt,
457 569 566 643 etque.
582 581 697 625 earam
723 583 834 624 rerum
856 569 1098 646 exspectatione
1122 573 1207 635 laras

136 668 265 736 uenat,
289 659 322 719 in
345 679 440 720 scena
462 648 595 743 quoque
617 658 820 721 sixtumultus
841 662 973 743 quidam
996 676 1029 726 et
1057 669 1211 749 strepitus

133 756 294 820 excitatur
314 757 471 818 maiorem
491 757 525 818 in
548 755 681 818 modum
711 755 887 834 delectari,
922 759 1066 822 sedatam
1097 783 1211 824 rerum

135 853 372 936 expositionem
384 862 418 915 et
430 854 648 916 narrationem
671 856 841 936 aspernari
862 876 899 917 ae
921 879 1088 939 respuere.
1117 861 1212 937 Quae

34 996 37 1001 .
135 951 161 1012 si
179 954 331 1014 tenueris
354 953 448 1016 facile
469 951 531 1014 erit
552 950 598 1012 ad
626 951 877 1036 intelligendum
899 954 987 1016 uude
1011 956 1131 1016 factum
1160 957 1211 1031 sit,

135 1056 174 1111 ut
195 1051 369 1123 Terentius
388 1050 496 1111 multis
519 1049 550 1110 io
572 1050 670 1111 rebus
692 1051 733 1110 ab
765 1051 942 1132 exemplari
975 1053 1065 1134 quod
1094 1074 1214 1135 seque-

135 1145 236 1208 batur
265 1149 325 1209 sihi
362 1147 490 1209 duxerit
519 1146 746 1209 recedendum
777 1167 864 1224 esse,
903 1148 1027 1210 etiamsi
1064 1174 1084 1210 a
1115 1158 1216 1231 poeta

137 1244 266 1313 Graeco
288 1265 341 1305 eas
363 1243 445 1306 male
468 1244 631 1316 institutas
647 1268 667 1306 a
688 1267 724 1313 se
744 1245 857 1307 melius
879 1247 1062 1308 institutum
1083 1249 1123 1309 iri
1143 1271 1210 1312 non

136 1359 265 1423 semper
286 1341 356 1402 -sibi
387 1363 458 1404 rem
479 1363 541 1423 per
562 1344 642 1404 sesi
673 1351 803 1426 spectas
831 1346 1039 1428 persuaserit.
1083 1346 1214 1410 ludiciis

135 1437 317 1523 studiisque
338 1441 553 1503 multitudinis
577 1441 610 1504 id
628 1443 981 1507 condonandumerat.
1023 1446 1135 1527 Neque
1152 1445 1214 1506 hoc

137 1537 320 1620 essequod
349 1541 379 1599 ei
409 1539 604 1622 exprobrari
634 1541 782 1622 vitioque
813 1543 898 1602 verti
927 1544 1027 1624 possit
1049 1544 1213 1620 arbitror,

138 1633 238 1696 modo
270 1656 309 1697 ue
343 1636 445 1698 laudis
477 1638 552 1699 hinc
581 1637 761 1721 captandae
793 1640 835 1700 ita
866 1661 999 1701 avarum
1029 1640 1127 1701 fuisse
1157 1662 1216 1722 ap-

137 1740 271 1812 pareatfi
295 1735 451 1814 utipsius
472 1737 549 1797 artis
575 1738 713 1798 musicae
745 1736 913 1820 proditor¹
931 1736 1148 1821 desertorque
1178 1744 1216 1798 ut

140 1829 191 1889 ita·
207 1829 313 1891 dicam
336 1834 503 1895 exstiterit.
710 1901 716 1907 N
917 1846 920 1851 “

201 1927 293 2004 Quae
317 1929 348 1990 in
381 1930 469 1994 hunc
500 1933 875 2001 numerumrelereoda
908 1955 976 1996 esse
1002 1952 1125 1994 censeo
1151 1931 1219 1992 iam

139 2025 332 2088 scholiastae
359 2027 402 2108 ³⁸)
434 2030 554 2091 indicia
576 2040 704 2090 secutus
726 2032 758 2088 in
782 2031 925 2091 medium
955 2029 1133 2109 proferam.
1173 2027 1218 2083 Et

138 2121 192 2184 hic
213 2124 346 2207 quidem
367 2125 490 2208 aliquot
518 2127 597 2185 locis
619 2125 796 2184 memoriae
819 2121 966 2208 prodidit
994 2145 1012 2182 a
1033 2127 1131 2203 poeta
1151 2121 1215 2181 La-

137 2223 208 2287 tino
232 2224 288 2284 ubi
311 2224 455 2285 Graecus
479 2245 575 2285 anam
596 2240 770 2305 personam
800 2243 870 2284 rem
903 2221 1021 2281 factam
1049 2219 1120 2280 sine
1150 2217 1217 2278 ulla

142 2319 383 2384 intermissione
416 2328 602 2383 narrantem
632 2318 805 2382 induxerat
826 2319 1012 2381 diverbiusu
1035 2337 1102 2379 esse
1126 2315 1220 2376 insti-

140 2426 255 2481 tutum.
296 2421 409 2502 Neque
432 2420 465 2481 id
487 2420 513 2481 si
535 2420 616 2502 quid
638 2417 736 2480 video
759 2418 909 2480 consulto
938 2437 1008 2479 uon
1031 2416 1224 2475 factumest

139 2517 173 2579 in
196 2517 333 2600 grat-iam
353 2526 589 2600 spectatorum,
620 2525 657 2578 ut
685 2517 749 2578 hoc
782 2517 881 2578 modo
909 2516 1033 2598 speeies
1056 2509 1218 2594 quaedam

141 2617 277 2677 actionis
299 2615 489 2692 afferretur,
523 2615 553 2675 id
578 2614 667 2697 qaod
689 2616 854 2677 Romanos
885 2635 968 2696 quae
1000 2632 1117 2678 eorum
1147 2615 1220 2669 erat

141 2711 360 2780 indolessine
382 2715 485 2777 dubio
507 2719 605 2796 magis
627 2713 737 2775 allecit
764 2735 862 2796 quam
885 2710 1097 2777 contrarium.
1142 2706 1220 2766 Ret-

141 2811 217 2873 tulit
238 2811 336 2893 igitur
355 2813 527 2874 scholiasta
548 2810 590 2871 ed
612 2809 761 2871 Eunuoh.
785 2811 836 2881 Ill,
848 2810 880 2881 4,
895 2814 928 2872 1:
956 2806 1059 2863 ”Bene
1083 2803 1218 2860 inventa

47 2899 52 2907 ¹
142 2910 531 2992 personaldntiphonis)
553 2907 674 2972 esseni
697 2904 972 2966 narreteChaerea
995 2917 1034 2961 ne
1056 2916 1140 2957 unus
1163 2894 1221 2955 diu

144 3006 301 3090 loquatur
329 3015 371 3068 ut·
385 3007 474 3090 apud
496 3004 750 3074 Menandrum&
780 3008 815 3062 et
841 3000 883 3061 ad
913 2995 1060 3082 ejusdem
1091 2991 1221 3053 sabatae

144 3105 185 3180 V,
216 3111 246 3180 8,
276 3108 327 3175 4²-
354 3108 673 3187 “lure-utapersona
704 3098 944 3184 (Parmenonis)
976 3103 1025 3157 est
1052 3091 1092 3152 ad
1126 3110 1223 3169 quam

79 3216 82 3220 “
143 3211 232 3284 gesta
255 3203 335 3264 haec
358 3212 471 3264 narret
492 3203 637 3264 Chaerea
661 3210 696 3261 ut
716 3198 857 3281 populus
881 3205 914 3258 et
935 3195 1024 3255 miles
1043 3191 1224 3250 instruatur

144 3299 226 3384 quid
249 3301 336 3361 intus
354 3311 481 3383 gestum
498 3302 571 3360 sit)t
613 3301 818 3381 Quamquam
828 3295 922 3358 huius
934 3287 1112 3353 testimonii
1131 3284 1222 3360 fides,

146 3420 222 3462 eum
244 3397 444 3464 nullainter
465 3408 595 3480 poetam
616 3398 767 3458 Latinum
791 3404 825 3455 et
837 3394 1000 3466 Graecum
1018 3382 1221 3468 comparatio

148 3497 292 3559 instituta
313 3497 364 3573 sit,
388 3498 432 3559 eis
455 3517 538 3580 quae
560 3496 645 3557 infra
668 3493 741 3556 adu.
751 3487 936 3560 38disserui
947 3483 1080 3567 infringi
1102 3485 1220 3564 potest·

146 3595 258 3676 Neque
272 3594 343 3655 -alia
365 3602 414 3655 est
436 3595 519 3655 ratio
542 3593 742 3654 scholiorum
774 3608 857 3672 qnae
887 3586 1042 3669 leguntur
1073 3574 1225 3685 Eunuch.

149 3691 188 3764 1¹,
220 3698 250 3770 9,
282 3696 336 3761 93:
372 3693 472 3754 *Mire
501 3693 676 3754 Terentius
705 3682 999 3771 longae-orationi
1026 3677 1227 3755 insertaque

147 3790 309 3872 quaedam
330 3789 481 3867 adhibet,
514 3798 549 3851 ut
578 3790 738 3852 fastidium
761 3783 954 3869 prolixitatis
986 3771 1227 3882 evitem-'velut

148 3887 547 3970 nuncParmenoprocul
570 3882 923 3948 audicoanathonem
942 3880 1023 3940 baec
1043 3872 1227 3976 loquitor?

150 3992 184 4044 el
203 3984 281 4050 ibid·
295 4007 322 4044 v·
334 3985 392 4054 34:
407 3987 555 4048 »Rursus
577 3984 739 4046 Parmeno
760 3990 794 4045 et
816 3979 946 4044 facetias
968 3973 1050 4039 dicit
1071 3966 1228 4031 etdistsn·

150 4081 219 4164 quit
240 4082 480 4167 longiloquium
501 4082 663 4166 parasiti.»
736 4130 744 4134 .
