2722 4642
574 202 712 303 ...¹2

101 373 285 458 praelatum
308 375 377 431 esse'
400 364 569 450 principio
592 367 768 430 Menandri
790 379 907 431 auctor
928 372 1015 435 vitae
1033 374 1186 436 Terentii

100 473 214 534 refert.
258 469 305 530 Ut
326 467 434 529 Varro
456 466 507 527 vir
526 466 664 548 iugenio
680 474 848 549 praestans
862 469 1185 550 omniquedoctrin

102 569 272 631 nonnullis
295 567 410 627 barum
431 583 546 624 rernm
570 583 637 622 non
660 566 735 624 satis
757 563 895 626 idoneus
916 564 1013 627 iudex
1031 566 1191 630 rideatur

97 688 187 744 ense,¹
205 666 238 728 id
252 664 385 748 quidem
397 663 462 724 hoe
473 661 663 725 testimonio
673 660 811 723 efficitur
820 663 1042 724 Terentianae
1055 665 1186 727 fabulae

99 763 273 827 exordium
295 757 530 823 aMenandreo
543 757 709 818 diversum
725 759 835 833 fuisse,
858 764 1190 841 quamquam-nesei-

98 883 169 923 mus
187 864 354 944 'quatenus
375 867 410 920 et
432 856 553 939 quain
581 874 618 916 re
652 852 868 916 hoo'lactnm
889 855 940 915 sit.
983 858 1076 934 Quae
1098 859 1187 921 enin

97 960 154 1020 Fr.
167 959 377 1018 Hermanuus
389 956 424 1014 in
438 953 548 1014 indice
566 953 746 1015 lectionum
766 973 829 1034 per
849 953 1007 1014 aestivum
1026 963 1182 1018 semestre

99 1078 126 1115 a.
150 1059 244 1125 1838-
261 1057 293 1114 iu
327 1053 493 1115 academia
523 1051 749 1131 Marhurg'eusi
783 1049 967 1112 habitarum
1002 1053 1189 1133 suspicatus·

98 1162 146 1213 est
166 1173 199 1233 p.
223 1152 265 1211 lll
287 1171 357 1234 sqq.
391 1157 581 1212 vereor·ut
607 1147 774 1231 probabili
806 1168 844 1208 ac
878 1148 970 1209 lirma
999 1149 1186 1211 innitantur

98 1248 229 1309 ratione
251 1245 334 1327 2Μ).
538 1273 542 1279 ·
602 1275 605 1281 ·
720 1278 724 1285 ·
1171 1284 1174 1289 -

153 1343 306 1426 -Adelpln
342 1342 382 1419 V,
404 1346 508 1417 8,·15.
542 1343 584 1403 ab
614 1340 786 1403 scholiasta
825 1341 1018 1404 adnotatum
1054 1343 1189 1426 legimus

105 1443 225 1502 baccea
248 1439 376 1522 .²Apud
400 1434 617 1500 Menandrum
648 1459 745 1501 senex
776 1439 816 1501 de
839 1441 961 1523 nuptiis
982 1461 1051 1501 nou
1073 1463 1189 1523 grava-

100 1549 170 1615 tur,
194 1558 273 1621 ergo
295 1538 469 1598 Terentius
491 1531 700 1619 εὖρητικῶς.»
738 1537 838 1614 Quod
861 1537 958 1618 quale
979 1539 1021 1598 sit
1041 1547 1078 1597 ut
1099 1538 1187 1600 diiu-

100 1636 205 1696 dloari
227 1635 347 1718 possit,
380 1634 424 1696 de
446 1636 598 1717 personis
619 1641 653 1695 et
674 1653 787 1693 rerum
808 1634 895 1693 serie
915 1635 1064 1695 breviter
1084 1655 1187 1717 erpo-

101 1731 247 1795 nendnm
276 1740 334 1794 est.
377 1733 501 1791 Demea
538 1731 596 1790 ubi
635 1729 751 1790 labore
780 1750 847 1789 non
883 1752 987 1812 parvo
1021 1751 1120 1812 quem
1144 1741 1187 1793 ut

100 1830 246 1889 filiorum
267 1818 449 1888 commodis
471 1825 664 1888 consuleret
691 1845 752 1907 per
771 1835 876 1887 totam
897 1827 997 1889 vitam
1016 1829 1094 1889 tulit
1114 1837 1188 1891 uu»

97 1933 167 1986 tum
184 1935 296 1987 tamen
319 1926 431 1986 abesse
453 1924 552 2002 vidit,
575 1927 622 1984 'ut
650 1940 746 1993 amor
771 1922 957 1985 liberorum
985 1926 1048 1986 sibi
1069 1935 1186 2008 partus

96 2014 201 2097 esset,
233 2023 324 2083 utin
356 2020 471 2082 odium
503 2041 537 2083 se
567 2021 694 2083 venisse
722 2022 968 2100 arbitraretur,
988 2024 1181 2086 Micionem
1260 2049 1265 2055 ·

96 2129 206 2181 nutem
230 2121 375 2181 'fratrem
406 2119 603 2181 clementem
631 2118 802 2201 placidum
830 2121 944 2180 amari
970 2119 1064 2204 diligi
1103 2143 1184 2184 oum

95 2215 243 2297 videret,
273 2207 429 2297 iam'ipse
452 2225 647 2298 experturus
670 2222 759 2294 erat,
789 2238 867 2277 num
888 2217 1010 2280 lilaude
1037 2219 1184 2281 dicendo
1266 2225 1272 2237 '

96 2321 194 2396 atque
227 2313 444 2396 obsequendo
476 2314 538 2374 sibi
568 2315 717 2375 favorem
747 2314 926 2376 conciliare
955 2324 1084 2397 posset,
1120 2317 1184 2380 hac

95 2410 165 2495 ipsa
185 2414 296 2471 tamen
321 2430 357 2471 re
381 2409 678 2488 demonstraturus,
702 2410 794 2494 quod
816 2410 920 2475 frater
931 2411 1033 2474 facilis
1045 2422 1079 2474 et
1090 2414 1183 2476 lesti-

94 2520 152 2566 vus
172 2498 354 2588 putaretur
371 2505 405 2568 id
429 2528 496 2568 nou
521 2508 600 2572 lieri-
626 2528 664 2570 ex
692 2511 770 2570 vera
792 2509 857 2569 vila
888 2529 995 2591 neque
1025 2509 1108 2573 adeo
1139 2528 1183 2575 et

95 2590 270 2686 aequoet
297 2604 389 2666 hono
422 2607 529 2684 (conl.
553 2607 593 2683 V,
617 2611 645 2684 9,
668 2610 739 2684 30).
783 2608 818 2666 ln
850 2606 911 2666 hac
942 2614 1050 2667 tameo
1071 2607 1182 2671 nimia

99 2721 197 2783 quam
220 2701 363 2764 ostendit
383 2703 416 2764 in
441 2702 524 2764 lilios
548 2724 615 2764 uon
644 2703 753 2763 minus
781 2724 880 2784 quam
909 2703 990 2764 alios
1022 2705 1180 2769 facilitate

94 2807 127 2859 et
149 2798 346 2861 liberalitate
378 2799 412 2861 id
446 2801 597 2883 inprimis
619 2794 703 2882 agit,
735 2808 772 2859 ut
794 2800 887 2861 fratri
908 2802 1063 2864 molestus
1085 2805 1127 2866 sit
1147 2812 1183 2869 et

92 2893 331 2973 incommodet,
362 2906 461 2979 atque
492 2898 569 2959 dum
599 2899 689 2959 huuc
722 2905 759 2957 ut
786 2906 881 2978 putat
906 2919 965 2960 sno
988 2899 1049 2960 silsi
1071 2901 1180 2984 gladio

94 2990 220 3072 iugulat
241 2992 444 3073 voluptutem
466 2994 583 3074 capiat.
626 2994 690 3053 Vel
712 3013 752 3052 eo
774 2994 876 3074 igitur
905 2996 1060 3075 procedit
1094 3006 1131 3058 ut
1159 3010 1179 3062 α’

91 3084 236 3147 Micione
266 3086 331 3147 iam
360 3087 523 3169 sexaginta
554 3097 714 3172 quattuor
742 3111 845 3151 annos
876 3099 952 3152 nato
984 3092 1042 3170 (V,
1055 3099 1093 3172 8,
1118 3101 1178 3178 15)

91 3183 237 3264 postulet
258 3205 357 3244 auum
380 3184 584 3266 decrepitam
596 3187 629 3247 in
644 3187 1041 3254 -matrimoniumducere
1070 3196 1177 3278 Atque

88 3278 144 3340 hic
166 3280 372 3363 aliquantum
394 3282 574 3344 reluctatus
597 3280 739 3346 vine'i‘se
762 3285 895 3368 patitur.

154 3374 243 3435 Haec
262 3387 331 3441 tota
353 3383 440 3442 ratio
463 3404 480 3443 a
503 3382 673 3466 Lessingio
695 3384 916 3446 existimatore
940 3407 1007 3447 uon
1032 3385 1097 3446 levi
1113 3387 1177 3452 l.c.·

93 3492 125 3551 p.
147 3472 208 3540 443
231 3493 300 3555 sqq.
322 3480 402 3555 (sive
424 3500 456 3561 p.
479 3482 553 3560 335)
575 3482 720 3564 graviter
742 3481 946 3563 improbrata
969 3492 1034 3560 est,
1056 3485 1088 3543 in
1113 3507 1177 3568 qua

91 3568 166 3629 lieri
193 3590 257 3630 nou
282 3576 424 3653 potuisse
447 3587 542 3661 putet
564 3579 644 3662 quin
667 3587 867 3662 spectatores
885 3581 982 3663 paulo
992 3582 1175 3647 subtilioris

91 3666 205 3728 iudicii
227 3668 375 3729 multum·
389 3674 600 3739 offenderint.
644 3678 768 3740 Hocine
799 3680 938 3740 omuino
968 3690 1058 3742 recte
1087 3683 1175 3744 iudi.

91 3774 202 3827 catum
233 3767 276 3826 sit
307 3788 413 3830 necne
447 3794 534 3835 nuuc
566 3797 678 3836 meum
717 3798 783 3837 nou
824 3785 873 3838 est
905 3798 1077 3859 quaerere.
1137 3781 1172 3843 lu

91 3871 201 3924 utrum
236 3873 344 3925 tamen
378 3866 474 3930 huius
508 3874 557 3932 rei
587 3894 704 3955 parum
736 3875 974 3936 convenienter
1006 3876 1171 3943 institutae

90 3959 188 4040 culpa
211 3961 305 4025 cadat
329 3964 361 4024 in
386 3966 603 4030 Menandrum
636 3993 676 4031 au
699 3973 895 4034 Terentium
927 3975 1023 4035 auin
1047 3985 1174 4040 utrum-

90 4076 154 4137 que
178 4060 359 4144 ambigitur.
402 4066 444 4124 Et
475 4066 656 4148 Lessinguis
689 4068 823 4150 quidem
852 4089 924 4130 eam
956 4073 987 4134 in
1019 4076 1173 4137 Latinum
