2722 4642
541 183 681 289 ..⁶.³..

67 364 171 449 grissa
194 368 294 443 utque
316 361 528 419 sustentatum
559 372 628 416 esse
658 359 749 435 patet
778 372 817 415 ex
839 352 919 417 Hor.
942 354 1035 438 epist.
1058 357 1097 434 11,
1120 361 1151 434 1,-

70 467 130 537 178
153 480 241 543 sqq.;
263 455 332 519 Cio.
354 454 446 537 epist.
469 451 509 514 ed
531 451 621 527 Fam.
644 449 773 525 v11,.1‚;
794 450 1033 521 suescant&
1121 510 1145 523 „

55 613 57 617 ,
141 555 191 636 ³⁸)
217 553 332 622 Cautio
365 549 524 634 quaedum
553 558 590 610 ut
617 546 682 608 boc
710 545 809 609 semel
835 548 941 612 dicum
963 546 1156 621 adhihenda,

70 664 128 732 est,
140 673 183 716 ne
204 651 392 715 scholiastae
415 645 580 709 verbis.in
603 666 754 707 errorem
779 666 836 704 uos
855 644 964 708 induci
979 648 1151 729 patiamur.

69 753 139 814 Non
162 766 239 811 raro
261 734 348 811 euim
371 745 408 808 lit
429 741 527 807 uted
536 743 730 807 Terentium
751 741 877 825 aliquid
898 743 1023 805 reterre
1037 754 1156 807 aucto·

67 868 134 909 rem
158 846 320 929 videatur,
343 841 435 926 quod
466 841 544 923 quin
577 839 695 904 eodem
728 840 793 901 iarn
821 838 922 901 modo
947 839 1070 903 dictum
1100 845 1154 905 vel

68 945 251 1007 institutum
273 941 374 1003 fuerit
395 962 412 1000 a
434 946 533 1020 poeta
556 939 685 1000 Graeco
719 958 817 1019 quem
839 938 970 999 Latinus
999 943 1154 1022 sequitur

70 1040 212 1103 dubium
232 1059 300 1100 esse
324 1058 390 1098 uon
413 1044 530 1119 potest
575 1034 753 1125 Eiusmodi
775 1035 846 1116 quis
861 1056 935 1097 nou
960 1036 1049 1099 videt
1069 1038 1157 1101 illud

68 1135 248 1220 essequod
272 1136 359 1197 inter
379 1134 526 1195 Terentii
549 1133 661 1195 laudes
691 1133 731 1194 ab
754 1131 921 1195 Euanthio
954 1154 1154 1199 commemo-

71 1245 166 1302 ratur
186 1238 199 1305 l
204 1257 233 1317 p.
256 1233 331 1295 XlV
354 1230 405 1293 ed.
429 1231 572 1311 Klotz.):
597 1232 697 1292 ”Tum
718 1249 935 1310 personarum
958 1229 1041 1315 leges
1064 1234 1153 1309 circa

70 1334 217 1397 habitum
234 1340 380 1393 ¹aetatem
401 1327 543 1391 officium
565 1335 674 1409 partes
697 1325 812 1410 agendi
843 1347 941 1389 neruo
965 1327 1153 1413 diligentins

72 1430 229 1499 Terentio
252 1426 437 1493 custodivit.
481 1426 568 1502 Quin
594 1424 800 1487 etiamsolus
822 1444 917 1485 ansus
940 1432 988 1485 est
1015 1426 1047 1484 in
1072 1427 1154 1489 fictis

70 1527 367 1612 argumentiscum
388 1523 486 1587 iidem
510 1522 653 1589 veritatis
676 1529 908 1602 assequeretur
930 1522 1154 1587 etiemcontra

71 1627 273 1709 praescripta
297 1623 422 1684 comica
443 1621 633 1683 meretrices
658 1617 824 1693 interdum
849 1639 913 1681 non
938 1620 1155 1693 malasintro.
1182 1672 1185 1676 a

71 1723 210 1797 ducere,
242 1721 361 1802 quibus
391 1728 501 1781 tamen
533 1739 593 1779 cur
623 1717 730 1779 bonae
763 1716 827 1775 sint
859 1724 892 1776 ct
924 1716 1071 1798 voluptas
1091 1741 1153 1801 per

72 1820 177 1899 ipsum
200 1825 234 1877 et
253 1836 348 1875 cause
370 1834 436 1875 uon
459 1812 573 1875 desit»
613 1814 801 1895 Respicitur
823 1813 951 1897 Hecyra
979 1815 1088 1877 fabula
1112 1808 1152 1878 nd

73 1932 169 1998 quarn
192 1914 281 1974 inter
302 1911 363 1973 alia
385 1912 531 1971 Donatus
554 1911 585 1970 in
610 1912 746 1972 eandem
763 1910 1059 1993 planesententiam
1072 1913 1153 1997 haec

70 2010 311 2091 praelatnscsts
338 2010 390 2069 »tn
415 2018 482 2070 totu
505 2008 676 2071 comoedia
700 2011 762 2069 boc
785 2011 891 2092 agitur
915 2017 1023 2071 utres
1047 2032 1151 2091 novae

69 2106 148 2171 liant
169 2127 231 2169 nec
254 2114 361 2169 tamen
384 2107 586 2167 abhorreant
608 2130 624 2166 a
649 2106 901 2169 cousuetudine.
945 2108 1153 2170 Iudncuutur

71 2201 159 2267 enirn
189 2202 371 2263 benevolae
401 2224 513 2263 socrus
545 2204 731 2265 verecunda
770 2225 870 2267 nurus
906 2206 1085 2267 lenissimus
1117 2209 1150 2268 in

69 2320 204 2361 uxorem
227 2299 361 2361 ruaritus
384 2306 419 2357 et
430 2299 506 2357 item
520 2296 650 2359 deditos
663 2299 757 2360 matri
770 2319 846 2359 suae
863 2301 1017 2361 meretrix
1034 2289 1153 2364 bonai»
1260 2290 1267 2301 ⁶

68 2397 192 2461 Eadem
216 2394 426 2457 inculcantur
447 2395 526 2457 Hec.
549 2394 671 2471 V‚r,8=
700 2395 839 2456 '‘Multa“
860 2397 975 2458 scribit
998 2399 1040 2459 ihi
1056 2401 1153 2462 scho-

70 2495 159 2557 liasta
185 2492 379 2555 ‘Terentius
404 2492 546 2554 feliciter
568 2513 662 2553 ausus
685 2501 732 2553 est
753 2503 822 2554 arte
853 2494 963 2557 fretus.
1006 2499 1086 2559 Nam
1118 2509 1153 2563 et

68 2612 181 2653 socrus
204 2591 306 2653 bonas
329 2599 363 2650 et
384 2591 575 2653 meretrices
600 2590 728 2673 bonesti
752 2591 885 2673 cupidas
907 2603 1151 2680 praeterquam

67 2688 296 2771 pervulgatum
320 2696 368 2746 est
390 2687 477 2748 lacit.
519 2687 582 2755 Sed
616 2695 704 2748 tauta
735 2687 894 2771 vigilantia
926 2714 1095 2756 causarum
1117 2705 1151 2758 et

70 2786 232 2847 rationum
255 2793 419 2849 aucmenta
443 2786 609 2872 subiungit
641 2794 677 2847 ut
699 2786 728 2846 ei
750 2786 811 2849 soli
834 2788 953 2850 merito
978 2791 1150 2856 videantur

68 2883 177 2944 omnia
211 2882 342 2943 licere.»
391 2885 492 2945 Nemo
522 2893 630 2944 autem
665 2886 697 2942 in
728 2885 871 2945 animum
904 2884 1041 2949 inducet
1071 2891 1152 2954 hinc

68 2976 197 3039 efficere
219 2962 435 3039 Terentin'id
457 2998 537 3058 prae
561 2977 743 3036 Menandro
766 2986 822 3037 aut
839 2980 1045 3058 Apollodoro
1068 2982 1152 3068 pro.'

65 3075 176 3158 prium
199 3093 277 3137 esse.
320 3073 476 3135 Eiusdem
498 3074 626 3156 generis
650 3074 727 3156 quin
752 3074 816 3133 sint
837 3074 914 3136 mihi
932 3068 1067 3141 dubium
1082 3106 1148 3149 non

67 3171 200 3233 videtur
222 3191 306 3254 quae
330 3170 368 3231 ad
395 3170 490 3231 verba
515 3172 596 3251 Eup.
623 3174 685 3246 l,9,
708 3173 748 3240 63
761 3175 858 3242 etlicl:
885 3175 949 3235 Sed
968 3199 1023 3258 ego
1045 3204 1149 3256 aaran.

67 3283 131 3332 tum
161 3274 304 3354 suspr'cor
332 3269 380 3347 ad
403 3272 557 3351 virginem
584 3274 722 3332 animam
750 3273 874 3334 adiecit.
917 3275 982 3347 Ph„
1004 3279 1150 3343 Etiamne

66 3369 222 3448 amplius?
264 3368 323 3429 Th.
340 3369 438 3442 Nihil,
454 3391 529 3428 nam
547 3372 697 3451 qrraesivi,
716 3369 867 3432 adnotata
883 3372 1014 3457 legimus
1032 3374 1147 3447 haece:

70 3463 209 3524 ”Mundo
231 3466 404 3529 Terentius
427 3475 465 3527 ut
486 3467 572 3528 solet
604 3487 655 3529 res
683 3467 780 3528 huius
803 3469 892 3530 modi
916 3493 977 3551 per
999 3473 1146 3554 eclipsim

68 3528 190 3634 suamss‘
219 3568 254 3619 et
281 3560 449 3646 deinceps:
482 3565 634 3646 ”Optime
666 3568 818 3650 purgavit
848 3568 1024 3629 Terentius
1055 3575 1144 3656 quod

66 3679 138 3717 mor
163 3656 351 3719 liberalibus
375 3665 495 3743 nuptiis
519 3663 627 3725 fuerat
649 3665 852 3741 obfuturum,
876 3665 899 3725 si
919 3667 1060 3728 vitiatam
1080 3660 1147 3732 virss

64 3754 172 3839 ginern
195 3756 330 3818 duceret
345 3757 507 3833 Chaerea5
532 3763 655 3843 optimc
673 3785 754 3847 ergo
776 3763 968 3826 defenditur
981 3774 1146 3851 tamquam

66 3874 149 3934 quae
171 3853 306 3915 honeste
330 3863 472 3936 nuptura
497 3867 575 3920 est*
593 3859 791 3923 -Euunch
815 3861 866 3936 Ill,
890 3867 918 3935 5,
941 3864 981 3928 40
1003 3867 1028 3927 si
1051 3868 1147 3933 acho.

67 3952 154 4012 lissta
176 3954 306 4014 scribit:
335 3952 584 4041 ”Philosophiae
609 3980 695 4035 nuuc
711 3961 885 4025 Terentius
908 3958 1148 4033 demonstravit

65 4069 161 4132 quem
193 4050 318 4119 cladem
349 4053 498 4117 moribus
534 4054 704 4119 hominum
735 4066 767 4119 et
797 4058 981 4124 civitatibus
1013 4064 1151 4131 afferent
