2722 4642
606 211 748 313 -os-

137 391 262 454 ritibus.
304 385 441 459 Erravit
461 383 560 467 igitur
581 380 754 443 scholiasta
785 381 1027 444 si-Terentinm
1040 426 1043 431 -
1058 383 1217 447 existimat

136 479 633 564 secutumesseApollodorum3
657 498 764 560 neque
786 477 880 540 illum
902 478 966 542 hoc
980 477 1214 565 fecissentque

137 587 180 648 ab
202 587 268 646 boc
290 581 457 643 recessisse
480 577 640 645 affirmare
663 584 767 657 potes.

144 724 162 751 ·‚
198 683 270 743 Non
291 679 430 763 simplici
452 697 546 739 usum
568 694 636 738 esse
658 675 850 744 Terentium
877 674 1058 736 mutatione
1081 674 1214 757 Phoron.

138 779 161 855 l,
184 785 213 853 lt,
235 779 276 846 42
297 798 367 860 sqq.
398 795 507 839 creo·
522 771 746 854 cognoscimus
775 771 863 853 quod
893 772 940 834 ibi
963 770 1216 855 scholiastaffld-

139 885 290 955 notatum
302 875 449 955 reliquit
495 869 734 952 ²'Apollodorus
757 878 929 932 tonsorem·
945 870 1050 952 ipsum
1064 857 1216 952 nantibus

138 974 215 1033 facit
235 975 291 1054 qui
314 973 404 1034 dicat
423 991 458 1032 se
481 967 725 1050 nupcrpuellae
747 986 875 1028 comam
899 967 941 1029 ob
963 967 1086 1027 luctum
1107 967 1218 1027 abstu-

140 1070 211 1129 lisse
244 1069 333 1152 quod
361 1069 428 1130 scio
460 1075 596 1127 mutasse
626 1065 819 1126 Terentium
848 1087 885 1126 ne
914 1067 1053 1126 extemis
1081 1063 1220 1123 osoribus

138 1180 343 1248 spectatorem
363 1169 537 1226 Romanum
558 1164 729 1245 offenderet
753 1161 830 1243 ³⁰).”
875 1164 937 1224 Res
968 1171 1077 1223 nutem
1107 1162 1151 1220 ita
1182 1179 1217 1243 se

136 1262 246 1331 babet.
287 1263 446 1325 Phaedria
477 1261 690 1343 Demiphonis
718 1261 752 1320 iu
780 1261 927 1322 Ciliciam
955 1258 1099 1343 profecti
1129 1257 1215 1338 lilius

136 1359 280 1441 puellam
303 1361 468 1443 quandem
491 1358 602 1421 lenoni
614 1358 929 1420 servientemamare
948 1360 1060 1440 coepit
1071 1357 1214 1440 perdite.

138 1455 218 1516 Cum
241 1466 349 1518 antem
373 1478 438 1519 noo
463 1455 600 1523 baberet
619 1476 687 1539 quo
710 1455 787 1517 dato
808 1458 840 1515 in
858 1477 951 1521 suum
968 1477 1112 1517 amorem
1128 1455 1217 1514 illam

138 1553 296 1634 pellicere
319 1566 435 1637 posset,
461 1555 600 1615 restabat
622 1553 712 1630 aliud
725 1554 879 1613 nibilnisi
891 1565 925 1614 nt
937 1555 1216 1634 oculospesceret.

139 1653 250 1729 Quare
273 1654 399 1713 solebat
421 1676 484 1714 una
514 1674 590 1715 cum
613 1652 696 1710 Geta
724 1670 820 1710 servo
850 1650 1045 1731 plerumque
1078 1651 1111 1709 in
1142 1657 1219 1708 ton-

136 1751 239 1811 strina
254 1750 298 1829 31)
331 1773 413 1832 quae
437 1771 481 1810 ex
511 1749 649 1810 adverso
671 1748 730 1820 sita
753 1755 825 1806 erat
846 1746 923 1808 ludo
947 1747 1076 1808 cuidam
1098 1747 1218 1826 inquo

138 1847 195 1907 illa
217 1847 362 1906 discebat
387 1845 436 1924 ³²)
463 1844 627 1926 opperiri,
651 1843 729 1905 dum
758 1844 835 1908 iude
868 1845 1001 1905 domum
1033 1843 1107 1904 iret.
1150 1841 1218 1902 Ubi

139 1940 217 2002 dum
238 1941 415 2024 aliquando
438 1941 564 2018 sedent,
587 1942 763 2004 intervenit
784 1940 975 2003 adolescens
996 1940 1130 2024 quidam
1152 1948 1218 1999 eta

138 2057 172 2109 se
195 2039 295 2098 modo
318 2041 417 2099 visam
439 2059 506 2100 esse
530 2048 643 2100 narrat
670 2039 702 2099 in
734 2039 1041 2121 vicinia·.virginem
1069 2039 1219 2105 miseram

137 2143 273 2195 matrem
295 2135 467 2197 lamentari
489 2144 661 2197 mortuam.
705 2136 897 2197 Commovet
919 2156 1030 2197 omnes
1052 2156 1128 2196 cum
1149 2134 1218 2193 vir-

137 2229 242 2312 ginem
265 2252 332 2292 esse
355 2233 437 2295 facie
455 2236 597 2317 egregia
627 2234 734 2310 dicat,
770 2243 806 2296 ut
837 2235 941 2297 visum
971 2241 1049 2295 eunt
1079 2250 1217 2313 eamque

136 2327 310 2391 inveniunt
330 2331 446 2411 capillo
465 2351 564 2409 passo
586 2329 675 2391 nudo
699 2330 783 2413 pede
807 2331 988 2392 horridam.
1031 2327 1216 2411 Menander

136 2425 236 2508 igitur
258 2434 424 2487 tonsorem
445 2427 568 2489 lecerat
590 2437 779 2489 narrantem
796 2449 833 2497 se
846 2429 975 2510 puellae
988 2427 1125 2510 capillos
1142 2446 1218 2495 rec.-

137 2524 253 2597 cidisse
283 2524 384 2606 idque
415 2525 456 2586 de
480 2527 686 2587 Graecorum
718 2547 811 2589 more
842 2528 970 2588 factum·
996 2533 1097 2586 erat.
1120 2523 1216 2586 Conf.

136 2618 254 2692 Atben.
276 2622 348 2698 XV,
372 2644 402 2704 p.
424 2627 504 2695 6753
526 2622 642 2686 Senec.
666 2622 707 2685 de
728 2624 841 2686 Benei.
864 2625 904 2701 V,
928 2627 983 2694 16;
1005 2619 1217 2708 PlatPlraed.

135 2719 223 2789 8913
245 2727 280 2779 et
300 2741 382 2801 quae
405 2720 446 2781 ad
467 2720 497 2781 lt.
511 2721 531 2780 l.
547 2722 714 2806 Wyttenb.
737 2722 886 2803 pluribus
908 2721 1067 2802 exposuit.
1095 2719 1217 2779 Contra

135 2815 272 2886 Romani
287 2817 447 2899 lugentes
460 2817 595 2890 barbam
609 2840 654 2880 ⁴nc
677 2819 834 2901 capillum
861 2817 1103 2902 promittebant
1130 2815 1216 2900 (le

135 2911 190 2987 Vl,
205 2915 383 2984 lt'stSuet.
404 2916 492 2977 Caes
514 2920 576 2993 67)-
601 2926 658 2976 aut
679 2919 852 2979 solvebant
874 2917 983 2978 crines
1013 2917 1094 2993 (Lir-
1119 2916 1142 2991 Ι,
1165 2916 1217 2990 96)

137 3017 177 3075 ut
197 3010 315 3075 tierent
336 3013 419 3093 passi
441 3014 493 3072 nel
515 3014 626 3092 sparsi.
650 3058 653 3063 -
680 3013 765 3075 Hinc
787 3016 962 3075 Terentius
983 3012 1046 3072 sibi
1068 3019 1216 3088 constans

136 3107 251 3167 scribit
273 3106 388 3166 Heaut.
411 3108 448 3181 ΙΙ,
471 3109 580 3183 3,·49ε
615 3110 756 3194 Capillus
779 3132 895 3193 passus
923 3111 1073 3193 prolixus
1101 3111 1217 3169 circum

137 3218 233 3288 eaput
255 3205 396 3265 Reiectus
418 3205 607 3286 neclegenter
632 3205 685 3287 83).
732 3208 779 3268 Ex
808 3207 868 3269 bac
897 3218 1006 3269 autem
1038 3207 1216 3268 mutatione

137 3301 198 3361 alia
231 3301 416 3364 necessario
451 3305 724 3386 consequebatur.
775 3307 888 3368 Nullae
923 3307 1009 3367 enim
1045 3307 1111 3368 iam.
1140 3314 1214 3386 apte

138 3397 225 3477 apud
248 3409 377 3478 poetam
398 3401 548 3466 Latinum
571 3423 639 3465 csse
662 3411 818 3485 poterant
838 3406 966 3467 tonsori
997 3416 1105 3487 partes
1138 3425 1216 3465 nar-

137 3494 233 3557 randi
255 3495 296 3556 de
318 3506 405 3558 sorte
439 3510 473 3561 et
492 3500 598 3563 tomo
629 3502 767 3564 misereo
791 3503 928 3584 puellae
962 3524 1039 3585 quas
1070 3501 1216 3562 interve-

137 3592 241 3654 nienti
263 3592 466 3663 adolescenti
486 3599 616 3671 cuidam
638 3595 726 3661 datos
749 3622 815 3664 esse
840 3602 993 3670 videmus.

196 3690 279 3751 Cum
299 3693 443 3755 omnious
466 3716 569 3758 novae
592 3719 674 3780 quae
697 3698 820 3761 dicitnr
835 3699 1027 3760 comoediae
1040 3704 1214 3779 poetarum
1339 3740 1344 3745 .

135 3797 205 3857 tum
226 3790 409 3868 Menandri,
432 3813 528 3874 qoem
550 3796 748 3857 acerrimum
769 3797 935 3879 Euripidis
957 3796 1155 3856 imitatorem
1170 3788 1213 3869 ³41)

135 3885 230 3967 luisse
250 3891 379 3964 scimus,
402 3891 575 3971 proprium
604 3892 667 3955 fuit
693 3895 871 3955 sententias
889 3910 1092 3954 ,communes
1121 3889 1214 3952 vele
1331 3926 1334 3931 ·

136 3982 345 4067 philosophia
379 3989 497 4070 petitas
536 3991 651 4072 passim
685 4013 851 4074 promere.
903 3990 1072 4074 lnge-nium
1107 3997 1215 4069 autem

133 4081 356 4147 Romanorum
378 4086 736 4175 atnsomevitamque
767 4088 877 4152 omnis
911 4090 1131 4173 referentium
1158 4090 1217 4173 qni
